1954 3273
246 153 332 194 536
520 158 773 196 ΔΗΜΟΣΘ.
808 158 951 195 ΠΡΟΣ
982 157 1291 195 AEHTINHN.
1366 154 1449 194 OB.
1473 153 1585 200 XX,
1608 167 1649 207 p.
1665 151 1763 206 508,
1781 159 1882 188 σ-ιο.

248 265 375 330 οἶμαι
401 269 494 317 δεῖν
520 269 660 328 εὑμᾶς
686 267 964 334 σπουδάζειν
991 269 1065 318 καὶ
1091 268 1342 334 προσέχειν
1375 265 1459 317 τὸν
1485 271 1606 328 νοῦν,
1634 265 1760 317 ὅπως

248 349 313 413 μὴ
353 353 583 413 βιασθῆτε
627 349 948 417 (Ῑὰμαρτάνειν.
999 349 1164 401 πολλὰ
1203 349 1296 416 γὰρ
1337 351 1477 412 ὑμεῖς,
1518 346 1556 398 οἷ
1599 348 1762 413 ἄνδρες

249 433 504 496 Ἀθηναῖοι,
531 433 766 487 πολλάκις
805 435 888 484 οὐκ
925 433 1210 501 ἐδιδάχθητε,
1237 436 1298 486 ὡς
1331 433 1432 483 ε”στι
1459 433 1625 493 δίκαια,
1652 431 1760 480 ἀλλ’

159 518 238 570 184
252 516 516 584 ἀφῃρέθητε
550 516 638 567 ὑπὸ
677 520 759 580 τῆς
796 522 890 567 τῶν
924 518 1161 583 λεγόντων
1193 519 1399 582 κραυγῆς
1435 518 1510 566 καὶ
1543 516 1651 576 βίας
1688 515 1764 565 καὶ

252 601 600 667 ἀναισχυντίας.
656 599 680 651 ὃ
731 599 794 663 μὴ
845 600 1025 664 πάθητε
1073 606 1167 651 νῦν·
1209 602 1261 650 οὐ
1311 599 1405 665 γὰρ
1456 597 1605 667 ἄξιον.
1651 599 1759 648 ἀλλ’
1781 611 1820 633 ¹0

254 682 284 733 ἃ
341 684 494 733 δίκαια
556 683 801 748 ἐγνώκατε,
864 689 1013 734 ταῦτα
1076 692 1092 709 ‘³
1114 683 1362 752 φυλάξατε
1424 685 1500 733 καὶ
1561 681 1766 745 Ῑμνημο-

255 765 416 828 νεύετε,
445 767 528 819 ἕως
563 764 621 816 ἂν
654 767 959 834 ψηφίσησθε,
985 767 1038 817 ἵν’
1069 768 1257 832 εὔορκον
1292 769 1441 829 θῆσθε
1479 765 1565 829 τὴν
1599 768 1769 833 ψῆφον

255 848 374 900 κατὰ
431 854 525 900 τῶν
578 848 673 900 ἕτοὶ
721 849 904 915 πονηρὰ
955 848 1396 912 συμβουλευόντων.
1460 847 1679 914 θαυμάζω
1731 848 1768 896 δ’

255 933 416 997 ἔγωγε,
443 937 480 983 εἰ
506 937 602 986 τοῖς
629 931 714 996 μὲν
739 931 792 983 τὸ
821 932 1031 995 νόμισμα
1063 933 1388 999 διαφθείρουσι
1424 931 1623 984 θάνατος
1660 930 1769 996 παρ’

257 1018 363 1079 ὑμῖν
389 1018 519 1067 ἐστὶν
545 1018 573 1080 ἡ
605 1017 756 1083 ζημία,
783 1022 879 1070 τοῖς
914 1018 950 1067 δ’
981 1016 1100 1079 ὅλην
1133 1015 1219 1079 τὴν
1250 1015 1393 1066 πόλιν
1433 1016 1661 1079 κίβδηλον
1697 1016 1824 1065 καὶῐό

257 1099 463 1151 ἄπιστον
487 1107 676 1152 ποιοῦσι
701 1100 850 1166 λόγον
876 1100 1065 1151 δώσετε.
1111 1100 1164 1150 οὐ
1199 1099 1256 1163 δή
1291 1100 1384 1150 πού
1409 1101 1468 1165 γ’,
1497 1096 1533 1149 ὦ
1572 1102 1664 1149 Ζεῦ
1699 1099 1775 1147 καὶ

258 1185 369 1234 θεοί.

335 1269 440 1319 Οὐκ
466 1266 546 1319 οἶδ’
577 1268 601 1319 ὅ
627 1291 672 1319 τι
698 1271 768 1319 δεῖ
792 1269 941 1319 πλείω
974 1268 1145 1333 λέγειν·
1189 1267 1315 1333 οἶμαι
1343 1266 1437 1333 γὰρ
1464 1268 1581 1330 ὑμᾶς
1614 1263 1776 1316 ἢούδὲν

262 1354 446 1418 ἀγνοεῖν
472 1356 565 1403 τῶν
593 1349 879 1418 εἶρημένωνί.

319 1529 335 1548 ⁰
355 1523 455 1569 ὑμᾶς]
480 1523 564 1567 ὑμᾶς
582 1521 730 1558 ἅπαντας
748 1535 776 1557 r.
924 1519 942 1548 d
968 1522 1169 1569 ἁμαρτάνειν
1191 1522 1326 1557 S.Y.O.
1349 1528 1383 1557 et
1409 1537 1465 1567 γρ.
1489 1522 1530 1556 F.
1579 1521 1780 1567 Legebatur

263 1576 434 1622 ἁμαρτεῖν.
546 1582 561 1600 ‘³
582 1577 758 1621 φυλάξατε
774 1576 1056 1611 A.S.Y.O.k.r.s.
1088 1577 1287 1622 Legebatur
1307 1576 1511 1620 φυλάττετε.
1622 1572 1638 1599 f
1655 1588 1781 1618 μνημο-

265 1629 393 1675 νεύετε]
418 1629 669 1673 μνημονεύσατε
689 1630 804 1663 A.k.s.
917 1635 937 1662 g
956 1632 997 1663 τὰ
1017 1642 1086 1664 om.
1109 1630 1203 1663 Y.O.
1299 1626 1319 1653 h
1339 1628 1454 1674 οὐδὲν]
1478 1629 1582 1672 μηδὲν
1601 1629 1643 1662 A.
1676 1627 1780 1661 Conf.

266 1684 309 1717 ad
329 1696 364 1729 p.
388 1690 498 1729 1271,
524 1692 556 1724 7.
714 1679 723 1706 i
755 1683 796 1715 In
823 1683 858 1716 S.
881 1683 1116 1728 subscriptum
1141 1684 1218 1728 περὶ
1243 1684 1301 1726 τῆς
1327 1681 1479 1717 ἀτελείας
1506 1682 1590 1727 πρὸς
1607 1681 1780 1723 λεπτίνην.
1952 1700 1954 1720 4

265 1740 487 1797 xlfilfflffln.
509 1741 535 1769 Δ
555 1754 710 1798 μετρίως.
760 1753 804 1788 In
826 1754 865 1788 Β.
891 1754 976 1798 πρὸς
1003 1751 1164 1796 λεπτίνην
1192 1754 1270 1797 περὶ
1298 1755 1364 1786 τῶν
1383 1752 1555 1786 ἀτελειῶν.
1604 1751 1783 1785 Numerus
1950 1737 1954 1779 4

266 1817 431 1840 versuum
451 1806 544 1841 idem
564 1807 624 1852 qui
643 1807 678 1840 in
702 1807 749 1847 S„
771 1807 832 1841 sed
852 1807 1021 1841 omissum
1039 1806 1126 1840 illud
1146 1806 1333 1851 διώρθωται
1352 1803 1507 1851 μετρίως.
1951 1792 1954 1828 1
