1954 3273
217 192 302 231 500
758 190 1182 229 AHMOEQENOTE
1342 187 1423 226 ΟΒ.
1442 185 1556 225 XX.
1578 200 1617 240 p.
1636 185 1734 236 466,
1755 199 1851 237 ιιι-,-

219 304 366 353 καίτοι
408 306 502 353 τῶν
544 302 629 365 μὲν
670 301 837 353 ἄλλων
881 302 1130 366 εὐεργετῶν
1173 298 1343 366 χρόνον
1385 296 1490 348 τινὰ
1530 297 1727 354 ἕκαστος

218 388 328 450 ἡμῖν
365 385 600 452 χρήσιμον
638 384 812 435 Ζαὺτὸν
853 384 1104 450 παρέσχεν,
1143 383 1276 435 οὗτος
1314 383 1368 443 δ’,
1407 379 1466 431 ἂν
1502 383 1726 444 σκοπῆτε,

219 466 484 535 φανήσεται
522 471 731 534 συνεχῶς
770 467 924 529 ὃὴμᾶς
962 465 1010 515 εὖ
1048 469 1208 526 ποιῶν,
1247 465 1321 514 καὶ
1359 467 1491 513 ταῦθ’
1528 460 1593 512 ὧν
1629 461 1721 524 μά·
1741 483 1781 505 20

151 561 204 613 36
219 550 349 600 λισθ’
377 547 540 613 ῧὴμῶν
573 550 601 612 ἡ
634 547 773 601 πόλις
807 550 964 597 δεῖται.
1027 547 1130 597 ἰ’στε
1167 546 1260 612 γὰρ
1295 545 1445 610 δήπου
1481 546 1622 607 τοῦθ’,
1658 544 1730 595 ὅτι

218 633 432 701 πλείστῳ
468 636 561 681 τῶν
595 629 817 682 οπάντων
853 629 1115 696 ἀνθρώπων
1149 630 1277 693 ἡμεῖς
1314 628 1575 697 ἐπεισάκτῳ
1610 629 1730 697 σίτῳ

218 717 452 784 χρώμεθα.
514 715 632 782 πρὸς
667 714 821 765 τοίνυν
855 713 1040 765 ἅπαντα
1076 712 1159 764 τὸν
1193 715 1243 764 ἐκ
1279 717 1374 764 τῶν
1408 713 1573 763 ἄλλων
1608 710 1724 775 ᾱέμ-

217 801 393 865 πορίων
435 798 774 868 ἀφικνούμενον
816 799 841 848 ὃ
880 800 929 848 ἐκ
965 803 1048 848 τοῦ
1088 795 1275 847 Πόντου
1319 801 1451 849 σῖτος
1494 796 1729 846 εἰσπλέων

217 884 363 933 ἐστίν.
421 881 621 935 εἰκότως·
670 883 722 932 οὐ
758 880 851 947 γὰρ
889 880 1033 944 μόνον
1067 879 1141 930 διὰ
1175 878 1229 930 τὸ
1267 880 1349 930 τὸν
1382 879 1528 930 τόπον
1562 885 1728 930 τοῦτον
1742 901 1780 933 ²5

217 970 354 1015 σῖτον
415 964 535 1030 ε”χειν
591 968 822 1014 πλεῖστον
877 968 1015 1012 τοῦτο
1064 963 1285 1027 γίγνεται,
1337 960 1467 1011 ἀλλὰ
1517 968 1533 987 ‘³
1550 960 1626 1012 διὰ
1674 961 1729 1012 τὸ

935 1043 949 1070 f
1185 1050 1205 1059 Α

219 1048 375 1113 κύριον
412 1046 525 1098 ὄντα
562 1045 645 1097 τὸν
683 1045 905 1096 Λεύκωνα
954 1046 1095 1095 αὐτοῦ
1129 1068 1224 1098 τοις
1255 1045 1481 1109 ἕᾶγουσιν
1505 1044 1733 1111 Ἀθήναζε

219 1131 431 1181 ἀτέλειαν
482 1130 738 1191 δεδωκέναι,
787 1131 863 1179 καὶ
914 1129 1155 1194 κηρύττειν
1202 1129 1416 1194 πρώτους
1464 1127 1734 1194 γεμίζεσθαι

473 1212 493 1239 h
511 1215 626 1275 ὑμᾶς
669 1212 913 1264 πλέοντας.
972 1211 1091 1278 ε”χων
1129 1209 1222 1277 γὰρ
1260 1212 1426 1264 ἐκεῖνος
1467 1213 1614 1279 ἑαυτῷ
1657 1212 1733 1261 καὶ

220 1213 326 1267 τοὺς
371 1216 433 1267 ὡς

152 1316 204 1360 37
220 1303 315 1351 τοῖς
365 1299 502 1348 παισὶ
555 1296 640 1360 τὴν
690 1296 901 1346 ἀτέλειαν
952 1294 1104 1345 ἅπασι
1154 1294 1347 1345 δέδωκεν
1399 1296 1522 1358 ὑμῖν.
1595 1299 1732 1344 τοῦτο

220 1384 258 1431 δ’
312 1381 476 1445 ἡλίκον
533 1382 635 1430 ἐστὶ
699 1379 983 1446 θεωρήσατε.
1061 1376 1256 1431 ἰἐκεῖνος
1317 1376 1570 1444 πράττεται
1625 1375 1826 1438 vobs-467

355 1463 525 1515 1(αὑτοῦ
558 1469 693 1514 σῖτον
724 1462 979 1531 ἐξάγοντας
1003 1460 1302 1527 τριακοστήν.
1354 1465 1401 1512 αἱ
1435 1462 1590 1511 τοίνυν
1622 1461 1730 1527 παρ’

219 1466 327 1531 παρ’

221 1549 392 1598 ἐκείνου
431 1548 547 1613 δεῦρ’
589 1546 921 1615 ἀφικνούμεναι
962 1546 1099 1596 σίτου
1137 1544 1148 1571 ¹
1160 1544 1376 1611 μυριάδες
1415 1546 1521 1610 περὶ
1564 1567 1731 1595 τεττα-

219 1630 423 1698 ράκοντά
461 1635 567 1681 εἱσι·
618 1633 692 1681 καὶ
734 1634 858 1680 τοῦτ’
898 1631 947 1680 ἐκ
985 1632 1067 1693 τῆς
1109 1628 1238 1694 παρὰ
1274 1633 1369 1682 τοῖς
1414 1627 1762 1696 σιτοφύλαξιν5

221 1717 503 1783 ἀπογραφῆς
538 1715 595 1765 ἄν
629 1737 696 1767 τις
734 1714 835 1764 ἰ’δοι.
888 1714 1053 1763 οὐκοῦν
1086 1712 1215 1779 παρὰ
1252 1711 1335 1776 μὲν
1369 1711 1453 1765 τὰς
1487 1711 1735 1778 τριάκοντα

221 1799 445 1865 μυριάδας
482 1798 672 1864 μυρίους
711 1798 876 1847 δίδωσι
913 1798 1158 1860 μεδίμνους
1196 1797 1317 1860 ἡμῖν,
1353 1795 1481 1862 παρὰ
1518 1795 1614 1846 ωδε
1652 1795 1736 1849 τὰς

154 1895 207 1949 38
223 1883 331 1933 δέκα
361 1884 651 1947 “ὡσπερανεῖ
686 1881 991 1947 τρισχιλίους.
1040 1879 1298 1931 Οτοσούτου
1333 1881 1486 1930 τοίνυν
1519 1881 1590 1930 δεῖ
1618 1879 1730 1930 ταύ-

221 1989 306 2030 την
333 1967 659 2030 ἀποστερῆσαι
690 1964 775 2027 τὴν
801 1963 977 2030 δωρεὰν
1002 1962 1088 2028 τὴν
1115 1962 1270 2026 πόλιν,
1297 1962 1421 2013 ὥστε
1453 1985 1732 2029 προσκατα-

221 2048 461 2101 σκευάσας
488 2046 710 2113 ἐμπόριον
736 2048 1045 2109 ρΘευδοσίαν,
1072 2047 1096 2097 ὅ
1126 2051 1277 2114 φασιν
1307 2050 1348 2097 οἱ
1381 2046 1605 2099 πλέοντες
1639 2047 1731 2096 οὐδ’
1750 2066 1788 2087 10

222 2133 375 2183 ὁτιοῦν
413 2137 567 2199 χεῖρον
605 2129 719 2181 εἶναι
756 2136 838 2181 τοῦ
878 2129 1145 2196 Βοσπόρου,
1186 2132 1400 2180 κάνταῦθ’
1437 2130 1609 2180 (Ᾰέδωκε
1650 2129 1736 2193 τὴν

222 2216 435 2266 ἀτέλειαν
472 2215 595 2278 ἡμῖν.
652 2215 728 2264 καὶ
765 2213 824 2264 τὰ
860 2212 944 2277 μὲν
978 2213 1108 2263 ἄλλα
1146 2217 1327 2273 σιωπῶ,
1352 2211 1494 2264 πόλλ’
1525 2212 1582 2263 ἂν
1616 2213 1736 2281 ἔχων

279 2406 295 2424 2
316 2400 418 2433 αὑτὸν
438 2399 520 2433 A.S.
551 2399 669 2433 ἑαυτὸν
688 2400 805 2445 vulgo.
886 2404 904 2424 ³
925 2399 1024 2445 ἡμᾶς]
1049 2399 1134 2441 ὑμᾶς
1152 2412 1180 2433 r.
1267 2397 1285 2424 b
1306 2399 1397 2443 ἡμῶν
1417 2399 1435 2443 ἡ
1455 2399 1571 2445 πόλις]
1597 2398 1615 2442 ἡ
1635 2400 1735 2434 πόλις

225 2453 315 2496 ἡμῶν
334 2454 369 2486 k.
458 2459 473 2477 ⁰
493 2451 642 2497 πάντων]
666 2452 821 2486 ἁπάντων
841 2453 946 2487 F.t.v.
969 2459 1004 2486 et
1022 2465 1091 2486 rec.
1115 2453 1151 2487 S.
1235 2449 1254 2476 d
1274 2452 1458 2498 ἐμπορίων]
1483 2453 1652 2497 ἐμποριῶν
1670 2464 1733 2486 r.s.

225 2512 241 2530 θ
261 2507 315 2539 διὰ
336 2505 527 2540 S.Y.O.r.s.
567 2506 764 2551 Legebatur
785 2507 837 2539 καὶ
856 2506 920 2539 διά.
961 2507 1011 2539 καὶ
1032 2506 1122 2539 inter
1141 2518 1261 2539 versus
1281 2506 1386 2539 habet
1408 2506 1442 2540 S.
1599 2502 1614 2529 f
1631 2506 1734 2539 αὐτοῦ

225 2571 293 2593 om.
314 2559 471 2593 Y.O.r.s.
522 2559 563 2591 In
593 2559 631 2594 S.
658 2559 760 2592 αὐτοῦ
789 2561 859 2593 τοῖς
887 2559 922 2592 in
948 2571 1067 2593 rasura
1095 2559 1263 2604 scriptum
1289 2566 1341 2592 est
1370 2559 1514 2593 aliarum
1543 2559 1733 2598 literarum,

225 2625 371 2657 quarum
393 2613 544 2646 secunda
564 2626 581 2644 o
600 2611 678 2645 fuit.
719 2612 879 2645 Fortasse
899 2612 1005 2658 igitur
1019 2614 1090 2647 τοῖς
1106 2614 1203 2646 σῖτον
1217 2613 1272 2646 vel
1290 2614 1360 2647 τοῖς
1375 2613 1434 2645 τὸν
1450 2614 1547 2646 σῖτον
1567 2612 1735 2657 scriptum

225 2665 302 2699 fuit.
359 2665 449 2699 Tum
482 2665 577 2698 verbi
611 2677 749 2710 quoque
788 2665 911 2710 ι’ίγουσι
948 2666 1048 2699 litera
1085 2666 1238 2699 secunda
1275 2666 1310 2698 in
1347 2677 1466 2699 rasura
1504 2665 1631 2710 scripta
1669 2670 1734 2699 est.

226 2724 246 2751 g
265 2718 407 2764 ἄγουσιν
426 2718 596 2752 A.F.S.k.
638 2718 835 2763 Legebatur
855 2718 977 2763 ἶίγουσι
997 2720 1055 2752 τὸν
1075 2720 1184 2753 σῖτον.
1223 2718 1366 2764 ἄγουσιν
1385 2717 1426 2751 οῦ
1445 2719 1504 2751 τὸν
1523 2720 1621 2751 σῖτον
1639 2717 1734 2752 Y.O.

227 2772 295 2805 k.s.
379 2769 400 2795 ¹¹
421 2771 504 2814 ὑμᾶς
521 2771 792 2805 F.S.Y.O.r.t.v.
823 2771 1022 2817 Legebatur
1041 2771 1135 2814 ἡμᾶς.
1216 2777 1225 2795 ¹
1246 2771 1385 2817 ἐκεῖνος]
1410 2770 1546 2806 ἐκείνοις
1560 2771 1682 2805 Y.O.s.
1700 2776 1735 2804 et

226 2837 277 2869 pr.
301 2825 335 2858 S.
451 2821 469 2848 k
490 2824 610 2869 αὑτοῦ]
636 2825 754 2858 ἑαυτοῦ
774 2825 854 2859 A.k.
975 2822 984 2849 l
1004 2824 1178 2870 μυριάδες]
1202 2825 1363 2870 μυριάδας
1384 2824 1427 2858 O.
1539 2830 1568 2849 ¹¹¹
1589 2825 1624 2858 δέ
1644 2824 1734 2857 inter

227 2890 345 2911 versus
365 2878 408 2911 ab
427 2878 547 2911 eadem
568 2889 614 2911 m.
637 2878 671 2910 S.
827 2883 846 2901 ¹¹
867 2877 1071 2924 ὡσπερανεὶ]
1096 2877 1254 2922 ὡσπερὰν
1273 2878 1319 2912 εἷς
1338 2890 1391 2923 pr.
1415 2878 1451 2912 S.
1474 2884 1508 2912 et
1527 2878 1562 2911 in
1583 2889 1691 2923 marg.
1713 2888 1733 2910 a

228 2942 273 2963 m.
291 2931 412 2975 quinta
431 2944 486 2976 γρ.
505 2930 620 2975 ὡσπερ
640 2930 680 2963 ἀν
700 2930 756 2965 εἷς.
831 2936 849 2955 0
869 2930 1054 2976 τοσούτου]
1077 2933 1244 2964 τοσοῦτον
1260 2931 1408 2965 Y.O.1·.s.
1484 2937 1503 2964 P
1524 2928 1729 2975 Θευδοσίαν]

228 2983 407 3017 θευδιισίιιν
428 2983 656 3019 S.Y.O.S.t.v.
686 2982 878 3028 ψευδοσίαν
898 2996 923 3017 r.
1035 2990 1052 3017 ‘1
1073 2984 1190 3030 ἔδωκε]
1217 2985 1338 3018 δέδωκε
1359 2985 1461 3018 F.t.v.
