1954 3273
31 157 185 203 —559‚
203 165 256 189 12.
698 154 839 192 ΚΑΤΑ
872 155 1120 192 ΜΕΙΔΙΟΤ.
1579 154 1666 195 587

151 264 226 312 καὶ
274 264 486 325 ΙΙκυμβιά
536 266 611 314 καὶ
662 264 829 318 κάδους
880 264 1014 330 ἔχων,
1066 262 1130 315 ὧν
1181 264 1568 327 ἐπελαμβάνοντο
1619 269 1662 316 οἱ

149 345 617 411 πεντηκοστολόγοις
683 351 829 397 ταῦτα
879 345 973 412 γὰρ
1023 351 1086 400 εἷς
1134 347 1243 401 τοὺς
1295 349 1493 401 ὁπλίτας
1543 348 1663 411 ἡμᾶς

150 428 530 494 Οάπηγγέλλετο·
572 431 624 479 οὐ
662 429 754 496 γὰρ
799 433 861 483 εἰς
896 429 1074 481 Ρταύτὸ
1120 431 1248 494 ἡμεῖς
1283 430 1463 485 τούτοις
1501 430 1658 495 διέβη·
1677 454 1717 475 20

61 530 137 574 173
152 535 250 575 μεν.
294 511 427 563 (ἶεῖτα
453 514 537 563 εἰ’σ’
566 515 666 564 Γέπῖ
700 512 879 566 τούτοις
920 513 1172 582 8ἔσκωψεν
1197 515 1455 581 Ἀρχετίων
1491 514 1557 578 ῒῆ
1594 537 1664 568 τις

152 595 316 657 ἄλλος,
357 595 536 648 πάντας
580 595 812 659 ἤλαυνεςς
875 600 912 646 εἰ
952 595 1036 660 μὲν
1079 596 1171 663 γὰρ
1216 599 1381 651 ἐποίεις
1422 603 1583 661 ταῦτα,
1627 594 1664 648 ὦ

155 681 340 741 Μειδία,
367 678 398 730 ἃ
431 680 495 730 σέ
521 684 673 747 φασιν
711 683 752 730 οἱ
787 685 1034 734 συνιππεῖς
1061 683 1136 731 καὶ
1172 681 1444 747 κατηγόρεις
1481 684 1543 734 ὡς
1577 681 1662 732 λε’-

152 785 278 828 γοιεν
314 765 420 829 περὶ
458 770 562 824 σοῦ,
591 765 775 818 δικαίως
801 769 982 818 “κακῶς
1019 764 1197 828 ἤκουες·
1240 764 1432 832 καὶγὰρ
1470 766 1665 819 ἐκείνους

153 849 228 896 καὶ
265 849 511 897 Χτουτουσὶ
541 849 615 898 καὶ
655 847 773 912 ὅλην
810 846 896 911 τὴν
929 845 1072 898 πόλιν
1099 847 1266 911 ἠδίκεις
1307 850 1382 898 καὶ
1417 847 1717 915 κατῄσχυ-ρ5

63 944 143 988 174
155 953 243 984 νες.
285 935 322 981 εἰ
362 930 411 981 δὲ
444 930 508 995 μὴ
544 930 789 984 ποιοῦντός
829 954 920 982 σου
956 930 1328 997 Ῡκατεσκεύαζόν
1368 954 1487 985 τινες
1523 955 1666 982 κατα-

154 1012 438 1082 ψευδόμενοί
459 1037 563 1076 σου,
591 1018 632 1064 οἱ
660 1013 708 1065 δὲ
734 1016 891 1065 λοιποὶ
917 1019 1011 1065 τῶν
1036 1019 1340 1081 στρατιωτῶν
1366 1016 1448 1066 οὐκ
1481 1016 1666 1069 ἐκείνοις

152 1098 392 1160 ἐπετίμων,
420 1096 550 1147 ἀλλὰ
576 1100 655 1148 σοὶ
680 1099 966 1164 Ζέπέχαιρον,
993 1101 1140 1161 δῆλον
1176 1097 1246 1149 ὅτι
1284 1101 1334 1149 ἐκ
1371 1103 1465 1149 τῶν
1499 1099 1667 1149 ἄλλων

1235 1181 1253 1209 b

153 1179 218 1231 ὧν
256 1180 355 1246 ἔζης
387 1181 516 1249 ἄξιος
551 1182 729 1234 ἃαὺτοῖς
763 1181 932 1235 ἐδόκεις
966 1179 1079 1232 εἶναι
1113 1188 1195 1232 τοῦ
1262 1183 1434 1233 τοιαῦτ’
1463 1182 1661 1233 ἀκούειν·
1677 1201 1762 1243 559

155 1263 334 1315 σαυτὸν
358 1265 438 1315 Οῧν
461 1265 767 1331 μΕΤρίώΤΕρΟν
791 1267 932 1332 ἐχρῆν
956 1265 1189 1332 παρέχειν,
1216 1266 1297 1316 Οὐκ
1332 1266 1527 1318 ἐκείνθυς
1561 1269 1660 1316 δια·

64 1356 141 1400 175
155 1348 371 1408 βάλλειν.
414 1348 477 1399 σὺ
522 1352 562 1399 δ’
609 1351 812 1402 ἀπειλεῖς
855 1353 1017 1412 πᾶσιν,
1062 1349 1269 1402 ἐλαύνεις
1308 1348 1504 1403 πάντας’
1559 1349 1667 1404 τοὺς

543 1433 591 1460 cel

157 1432 336 1486 ἄλλους
369 1434 515 1501 ἀξιοῖς
567 1457 591 1484 ο
627 1457 672 1484 τι
706 1432 802 1484 dm)
835 1434 999 1495 βούλει
1030 1439 1241 1491 σκοπεῖν,
1271 1435 1353 1484 οὐκ
1380 1432 1516 1487 αὐτὸς
1543 1456 1660 1484 σκο-

470 1516 483 1532 Χ

155 1521 254 1570 πεῖς
281 1517 317 1567 ’ὅ
343 1540 387 1567 τι
425 1541 489 1581 μη
532 1516 792 1581 θλυπήσεις
833 1515 940 1570 τοὺς
981 1517 1160 1572 ἄλλους
1195 1522 1358 1568 ποιῶν.
1402 1521 1477 1568 καὶ
1514 1517 1568 1568 τὸ
1610 1516 1696 1582 δὴ5

157 1601 509 1667 σχετλιώτατον
545 1603 620 1652 καὶ
657 1601 886 1666 μέγιστον
912 1600 1092 1666 Ῑέζιιοιγε
1132 1605 1298 1652 δοκοῦν
1338 1603 1515 1667 ὕβρεως
1553 1599 1667 1652 εἶναι

157 1688 368 1746 σημεῖον·
410 1684 652 1734 τοσούτων
678 1684 952 1749 ἀνθρώπων,
979 1681 1015 1733 ὦ
1047 1683 1191 1750 μιαρὰ
1217 1683 1414 1752 κεφαλὴ,
1451 1683 1514 1734 σὺ
1540 1708 1666 1751 παρ-

159 1765 310 1815 ελθὼν
336 1765 546 1831 ἕὰθρόων
572 1764 883 1831 1Ίκατηγόρεις,
909 1764 955 1816 Ῐὸ
980 1767 1049 1820 τίς
1075 1767 1157 1817 οὐκ
1184 1766 1241 1817 ἂν
1261 1767 1422 1835 ἔφριξε
1443 1765 1667 1831 1(ποιῆσαι

159 1852 253 1898 τῶν
277 1849 442 1900 ἄλλων
464 1871 476 1910 3

70 1947 148 2000 176
234 1935 346 1985 Τοῖς
384 1931 467 1995 μὲν
505 1933 658 1983 τοίνυν
697 1932 864 1986 ἄλλοις
904 1932 1085 1984 ἅπασιν
1124 1933 1405 2000 1ἀνθρώποις
1443 1935 1537 2000 ὁρῶ
1576 1939 1672 1988 τοῖς

160 2015 453 2080 κρινομένοις,
479 2013 516 2065 ὦ
549 2015 710 2081 ἄνδρες
743 2019 973 2079 δικασταὶ,
1001 2016 1050 2067 ἓν
1084 2017 1168 2081 μὲν
1208 2017 1236 2083 ἦ
1274 2019 1355 2069 δύο
1391 2017 1503 2068 ὄντα
1537 2020 1666 2069 τάδι-
1691 2048 1728 2069 10

160 2096 344 2160 κήματα
383 2096 414 2148 ἃ
451 2104 825 2165 ΕΠκατηγορεῖται,
868 2099 1040 2166 λόγους
1079 2100 1127 2151 δὲ
1166 2101 1403 2168 ἀφθόνους
1439 2102 1675 2155 τοιούτους

161 2180 456 2247 ὑπάρχοντας
489 2189 515 2211 “
531 2183 599 2235 τίς
641 2184 768 2245 ὑμῶν
809 2185 913 2246 ε’μοί
951 2207 996 2234 τι
1034 2185 1220 2236 σύνοιδε
1261 2192 1542 2248 11τοιοῦτονς
1605 2188 1673 2240 τίς

159 2310 357 2357 Ἀργούρας,
379 2313 439 2346 sed
458 2318 538 2347 ante
559 2312 706 2354 Εὐβοίας
734 2314 866 2348 habent
888 2315 1097 2350 P.S.Y.O.s.
1118 2320 1152 2349 et
1171 2329 1227 2361 γρ.
1250 2330 1294 2355 κ.,
1315 2315 1464 2361 ἀργυρᾶς
1482 2328 1564 2350 vero
1583 2316 1671 2362 legi-

160 2370 218 2398 tur
236 2365 273 2398 in
295 2365 331 2398 S.
354 2371 389 2399 et
407 2380 463 2411 γρ.
485 2367 520 2400 k.
667 2372 697 2390 Π]
718 2367 753 2400 δὲ
774 2369 826 2401 καὶ
846 2380 913 2402 om⁴
934 2369 1045 2402 A.k.r.
1192 2374 1212 2392 n
1232 2368 1373 2414 κυμβία]
1398 2370 1540 2412 κυμβεῖα
1558 2370 1672 2404 A.k.1·.

162 2423 180 2442 ⁰
209 2417 463 2464 ἀπηγγέλλετο]
498 2419 730 2464 ἐπηγγελλετο
760 2421 870 2454 A.k.r.
1027 2427 1045 2454 P
1074 2421 1178 2455 ταύτὸ
1208 2422 1368 2456 P.S.Y.S.
1408 2422 1531 2455 ταύτὸν
1553 2423 1672 2468 vulgo.

162 2475 182 2502 q
201 2467 274 2504 εἶτα
293 2470 324 2504 εἴ
341 2471 394 2517 σ’]
417 2486 472 2517 γρ.
494 2469 565 2506 εἶτα
585 2470 631 2507 εἷς
652 2472 687 2506 S.
807 2479 823 2497 Γ
843 2473 898 2506 ἐπὶ
917 2485 986 2507 om.
1008 2486 1036 2508 S.
1159 2480 1174 2499 S
1193 2474 1371 2520 ἔσκωψεν]
1396 2475 1615 2520 εισκώψομεν
1636 2476 1672 2510 S.

163 2523 256 2556 Illud
274 2523 312 2557 in
330 2539 385 2569 γρ.
495 2524 510 2549 t
528 2523 567 2570 ἤ]
592 2524 623 2558 εἵ
640 2526 679 2558 F.
800 2531 822 2550 U
842 2526 962 2572 κακῶς]
985 2528 1037 2560 καὶ
1056 2530 1161 2563 κακῶς
1181 2527 1225 2562 Ο.
1350 2534 1369 2552 X
1389 2528 1569 2574 τουτουσὶ]
1592 2527 1671 2562 τού-

161 2590 239 2611 τους
257 2582 319 2611 t.v.
430 2585 449 2613 N
471 2578 626 2623 κατεσκ.]
652 2580 705 2612 καὶ
725 2593 860 2612 κατεσκ.
883 2591 909 2612 s.
1021 2585 1039 2604 Ζ
1060 2580 1255 2626 ἐπέχαιρον]
1279 2581 1475 2627 ἐπεχείρουν
1495 2582 1531 2615 S.
1580 2581 1674 2615 Illud

162 2629 198 2662 in
218 2644 272 2674 γρ.
384 2634 403 2654 a
421 2631 535 2665 αὐτοῖς
554 2636 635 2664 ante
655 2631 748 2675 ἄξιος
768 2631 937 2667 P.Y.O.S.
957 2638 1038 2677 post
1058 2633 1183 2669 ἐδόκεις
1200 2635 1311 2669 A.k.r.
1423 2632 1441 2658 b
1461 2633 1607 2679 τοιαῦτ’]
1631 2636 1674 2667 τὰ

162 2684 301 2715 τοιαῦτα
321 2683 433 2717 A.k.r.
568 2689 584 2708 ⁰
603 2683 622 2716 ὅ
640 2684 748 2718 τι-ὅ
766 2684 815 2729 τι]
842 2685 1039 2730 Utrumque
1059 2685 1078 2719 ὅ
1097 2699 1166 2721 om.
1186 2700 1238 2732 pr.
1261 2687 1298 2722 S.
1428 2683 1447 2711 d
1467 2687 1511 2720 σὺ
1529 2686 1668 2732 βούλει]

164 2748 221 2767 σοι
240 2733 359 2775 βούλει
379 2737 459 2769 A.k.
546 2741 562 2760 e
581 2736 764 2783 λυπήσεις]
789 2737 947 2780 λυπήσῃς
967 2750 994 2772 S.
1093 2737 1108 2764 f
1123 2741 1238 2785 ἔμοιγε
1259 2751 1328 2773 om.
1352 2752 1381 2774 r.
1480 2745 1501 2772 g
1519 2739 1669 2784 ἁθρόων]

163 2786 288 2832 ἁθρόον
306 2787 430 2831 ἀθρόον
448 2789 581 2823 k.r.t.v.
615 2789 745 2834 ἀθρόων
763 2791 880 2835 vulgo.
1047 2789 1068 2816 h
1091 2793 1302 2838 κατηγόρεις]
1327 2794 1522 2838 κατηγορεῖς
1540 2793 1672 2826 F.r.s.t.

165 2836 174 2863 i
195 2839 230 2885 ὃ]
255 2840 306 2873 ὅτι
327 2853 352 2873 s.
466 2838 484 2865 k
506 2843 645 2884 ποιῆσαι
663 2846 730 2875 τῶν
749 2843 882 2888 ἄλλων]
910 2847 976 2877 τῶν
995 2844 1110 2878 ἄλλων
1129 2844 1269 2888 ποὶῆσαι
1288 2846 1402 2880 A.k.r.
1513 2842 1523 2870 Ῑ
1543 2845 1671 2890 ἀνθρὼ-

165 2907 241 2928 ποις
260 2905 328 2926 om.
350 2894 427 2927 A.k.
540 2900 569 2918 m
591 2898 820 2940 κατηγορεῖται
840 2896 990 2930 A.S.k.r.
1020 2901 1283 2944 κατηγοροῦνται
1302 2899 1421 2943 vulgo.
1520 2903 1540 2922 n
1560 2900 1670 2932 τοιοῦ-

165 2959 224 2979 τον
244 2946 408 2981 P.Y.O.s.
431 2955 465 2981 et
485 2959 582 2982 eraso
603 2962 620 2981 ν
641 2948 676 2981 S.
706 2952 859 2983 τοιοῦτον
878 2948 897 2992 ἢ
917 2951 992 2984 As.
