<?xml version="1.0" encoding="UTF-8"?>
<!DOCTYPE html PUBLIC "-//W3C//DTD XHTML 1.0 Transitional//EN"
    "http://www.w3.org/TR/xhtml1/DTD/xhtml1-transitional.dtd">
<html xmlns="http://www.w3.org/1999/xhtml" xml:lang="en" lang="en">
 <head>
  <title>
</title>
<meta http-equiv="Content-Type" content="text/html;charset=utf-8" />
  <meta name='ocr-system' content='tesseract 3.04.00' />
  <meta name='ocr-capabilities' content='ocr_page ocr_carea ocr_par ocr_line ocrx_word'/>
</head>
<body>
  <div class='ocr_page' id='page_1' title='image "./operaexrecension02demouoft_0148.png"; bbox 0 0 1954 3273; ppageno 0'>
   <div class='ocr_carea' id='block_1_1' title="bbox 295 155 1935 216">
    <p class='ocr_par' dir='ltr' id='par_1_1' title="bbox 295 155 1935 216">
     <span class='ocr_line' id='line_1_1' title="bbox 295 155 1935 216; baseline 0.003 -20"><span class='ocrx_word' id='word_1_1' title='bbox 295 155 380 197; x_wconf 66' lang='lat'>620</span> <span class='ocrx_word' id='word_1_2' title='bbox 842 163 1268 201; x_wconf 78' lang='grc' dir='ltr'>ΔΗΜΟΣΘΕΝΟΎΣ</span> <span class='ocrx_word' id='word_1_3' title='bbox 1370 162 1453 201; x_wconf 74' lang='lat' dir='ltr'>On.</span> <span class='ocrx_word' id='word_1_4' title='bbox 1473 161 1647 202; x_wconf 81' lang='lat' dir='ltr'><strong>XXII:</strong></span> <span class='ocrx_word' id='word_1_5' title='bbox 1662 176 1704 216; x_wconf 89' lang='lat' dir='ltr'>p.</span> <span class='ocrx_word' id='word_1_6' title='bbox 1720 161 1818 215; x_wconf 84' lang='lat'>588,</span> <span class='ocrx_word' id='word_1_7' title='bbox 1836 177 1935 201; x_wconf 70' lang='lat'>20—</span> 
     </span>
    </p>
   </div>
   <div class='ocr_carea' id='block_1_2' title="bbox 258 269 1954 2539">
    <p class='ocr_par' dir='ltr' id='par_1_2' title="bbox 291 269 1863 448">
     <span class='ocr_line' id='line_1_2' title="bbox 294 269 1863 321; baseline 0.004 -18"><span class='ocrx_word' id='word_1_8' title='bbox 294 271 442 314; x_wconf 85' lang='grc' dir='ltr'>δημόσια</span> <span class='ocrx_word' id='word_1_9' title='bbox 465 269 588 318; x_wconf 78' lang='grc' dir='ltr'>διῴκει,</span> <span class='ocrx_word' id='word_1_10' title='bbox 615 272 760 318; x_wconf 88' lang='grc' dir='ltr'>λέγομεν</span> <span class='ocrx_word' id='word_1_11' title='bbox 785 273 848 315; x_wconf 80' lang='grc' dir='ltr'>ὅτι,</span> <span class='ocrx_word' id='word_1_12' title='bbox 872 274 966 317; x_wconf 84' lang='grc' dir='ltr'>ἡνίκα</span> <span class='ocrx_word' id='word_1_13' title='bbox 990 275 1135 320; x_wconf 81' lang='grc' dir='ltr'>μεγίστη</span> <span class='ocrx_word' id='word_1_14' title='bbox 1161 275 1286 321; x_wconf 83' lang='grc' dir='ltr'>ἀνάγκη</span> <span class='ocrx_word' id='word_1_15' title='bbox 1311 275 1478 321; x_wconf 87' lang='grc' dir='ltr'>ἐγίγνετο,</span> <span class='ocrx_word' id='word_1_16' title='bbox 1498 278 1577 309; x_wconf 91' lang='grc' dir='ltr'>τότε</span> <span class='ocrx_word' id='word_1_17' title='bbox 1600 276 1679 320; x_wconf 82' lang='grc' dir='ltr'>περὶ</span> <span class='ocrx_word' id='word_1_18' title='bbox 1703 276 1805 319; x_wconf 87' lang='grc' dir='ltr'>δημο-</span> <span class='ocrx_word' id='word_1_19' title='bbox 1822 287 1863 309; x_wconf 83' lang='grc'>20</span> 
     </span>
     <span class='ocr_line' id='line_1_3' title="bbox 293 332 1805 386; baseline 0.005 -21"><span class='ocrx_word' id='word_1_20' title='bbox 293 332 378 366; x_wconf 89' lang='grc' dir='ltr'>σίων</span> <span class='ocrx_word' id='word_1_21' title='bbox 408 334 588 380; x_wconf 80' lang='grc' dir='ltr'>συνήγετο.</span> <span class='ocrx_word' id='word_1_22' title='bbox 633 337 771 382; x_wconf 87' lang='grc' dir='ltr'>δευτέρα</span> <span class='ocrx_word' id='word_1_23' title='bbox 800 338 959 383; x_wconf 82' lang='grc' dir='ltr'>διαφορὰ,</span> <span class='ocrx_word' id='word_1_24' title='bbox 989 337 1040 372; x_wconf 84' lang='grc' dir='ltr'>ὅτι</span> <span class='ocrx_word' id='word_1_25' title='bbox 1071 339 1089 382; x_wconf 89' lang='grc' dir='ltr'>ἡ</span> <span class='ocrx_word' id='word_1_26' title='bbox 1122 339 1183 382; x_wconf 83' lang='grc' dir='ltr'>μὲν</span> <span class='ocrx_word' id='word_1_27' title='bbox 1211 342 1278 373; x_wconf 85' lang='grc' dir='ltr'>τῶν</span> <span class='ocrx_word' id='word_1_28' title='bbox 1305 338 1537 372; x_wconf 82' lang='grc' dir='ltr'>πεντακοσίων</span> <span class='ocrx_word' id='word_1_29' title='bbox 1564 338 1694 386; x_wconf 81' lang='grc' dir='ltr'>ἀριθμῷ</span> <span class='ocrx_word' id='word_1_30' title='bbox 1721 338 1805 372; x_wconf 77' lang='grc' dir='ltr'>ὑπο-</span> 
     </span>
     <span class='ocr_line' id='line_1_4' title="bbox 291 395 1807 448; baseline 0.005 -19"><span class='ocrx_word' id='word_1_31' title='bbox 291 395 408 430; x_wconf 76' lang='grc' dir='ltr'>πίπτει</span> <span class='ocrx_word' id='word_1_32' title='bbox 433 397 620 446; x_wconf 80' lang='grc' dir='ltr'>ὡρισμένῳ,</span> <span class='ocrx_word' id='word_1_33' title='bbox 642 399 661 443; x_wconf 87' lang='grc' dir='ltr'>ἡ</span> <span class='ocrx_word' id='word_1_34' title='bbox 682 401 718 434; x_wconf 82' lang='grc' dir='ltr'>δέ</span> <span class='ocrx_word' id='word_1_35' title='bbox 741 400 903 448; x_wconf 78' lang='grc' dir='ltr'>ἀορίστῳ.</span> <span class='ocrx_word' id='word_1_36' title='bbox 943 401 987 436; x_wconf 84' lang='grc' dir='ltr'>ὡς</span> <span class='ocrx_word' id='word_1_37' title='bbox 1004 402 1071 447; x_wconf 89' lang='grc' dir='ltr'>γάρ</span> <span class='ocrx_word' id='word_1_38' title='bbox 1090 416 1178 437; x_wconf 82' lang='grc' dir='ltr'>τινες</span> <span class='ocrx_word' id='word_1_39' title='bbox 1202 405 1268 435; x_wconf 88' lang='grc' dir='ltr'>τῶν</span> <span class='ocrx_word' id='word_1_40' title='bbox 1289 401 1441 446; x_wconf 87' lang='grc' dir='ltr'>ῥητόρων</span> <span class='ocrx_word' id='word_1_41' title='bbox 1465 400 1620 447; x_wconf 83' lang='grc' dir='ltr'>λέγουσι,</span> <span class='ocrx_word' id='word_1_42' title='bbox 1642 400 1712 435; x_wconf 75' lang='grc' dir='ltr'>κατ’</span> <span class='ocrx_word' id='word_1_43' title='bbox 1731 402 1807 437; x_wconf 82' lang='grc' dir='ltr'>ἕτος</span> 
     </span>
    </p>

    <p class='ocr_par' dir='ltr' id='par_1_3' title="bbox 288 459 1858 634">
     <span class='ocr_line' id='line_1_5' title="bbox 292 459 1858 509; baseline 0.004 -17"><span class='ocrx_word' id='word_1_44' title='bbox 292 460 324 492; x_wconf 84' lang='grc' dir='ltr'>οἶ</span> <span class='ocrx_word' id='word_1_45' title='bbox 349 459 443 494; x_wconf 85' lang='grc' dir='ltr'>ἐννέα</span> <span class='ocrx_word' id='word_1_46' title='bbox 468 461 630 506; x_wconf 78' lang='grc' dir='ltr'>ι’ίρχοντες</span> <span class='ocrx_word' id='word_1_47' title='bbox 658 463 742 505; x_wconf 85' lang='grc' dir='ltr'>αὐτῇ</span> <span class='ocrx_word' id='word_1_48' title='bbox 767 465 1024 509; x_wconf 83' lang='grc' dir='ltr'>προσετίθεντο·</span> <span class='ocrx_word' id='word_1_49' title='bbox 1056 464 1100 500; x_wconf 83' lang='grc' dir='ltr'>ὣς</span> <span class='ocrx_word' id='word_1_50' title='bbox 1125 465 1163 498; x_wconf 89' lang='grc' dir='ltr'>δέ</span> <span class='ocrx_word' id='word_1_51' title='bbox 1187 479 1286 505; x_wconf 89' lang='grc' dir='ltr'>τινες,</span> <span class='ocrx_word' id='word_1_52' title='bbox 1307 464 1359 498; x_wconf 84' lang='grc' dir='ltr'>ὅτι</span> <span class='ocrx_word' id='word_1_53' title='bbox 1380 466 1436 498; x_wconf 67' lang='lat' dir='ltr'>eoi</span> <span class='ocrx_word' id='word_1_54' title='bbox 1460 464 1496 509; x_wconf 80' lang='grc' dir='ltr'>ἓξ</span> <span class='ocrx_word' id='word_1_55' title='bbox 1515 466 1617 507; x_wconf 88' lang='grc' dir='ltr'>μόνον</span> <span class='ocrx_word' id='word_1_56' title='bbox 1636 464 1803 508; x_wconf 88' lang='grc' dir='ltr'>θεσμοθέ-</span> <span class='ocrx_word' id='word_1_57' title='bbox 1819 471 1858 503; x_wconf 86' lang='lat'>²5</span> 
     </span>
     <span class='ocr_line' id='line_1_6' title="bbox 289 521 1806 570; baseline 0.003 -15"><span class='ocrx_word' id='word_1_58' title='bbox 289 535 356 557; x_wconf 90' lang='grc' dir='ltr'>ται.</span> <span class='ocrx_word' id='word_1_59' title='bbox 400 521 487 565; x_wconf 76' lang='grc' dir='ltr'>ἦσαν</span> <span class='ocrx_word' id='word_1_60' title='bbox 514 525 581 569; x_wconf 81' lang='grc' dir='ltr'>γὰρ</span> <span class='ocrx_word' id='word_1_61' title='bbox 610 523 647 568; x_wconf 80' lang='grc' dir='ltr'>ἓξ</span> <span class='ocrx_word' id='word_1_62' title='bbox 677 525 893 568; x_wconf 84' lang='grc' dir='ltr'>θεσμοθέται,</span> <span class='ocrx_word' id='word_1_63' title='bbox 923 526 955 558; x_wconf 83' lang='grc' dir='ltr'>οἱ</span> <span class='ocrx_word' id='word_1_64' title='bbox 986 526 1063 569; x_wconf 84' lang='grc' dir='ltr'>περὶ</span> <span class='ocrx_word' id='word_1_65' title='bbox 1096 525 1298 570; x_wconf 84' lang='grc' dir='ltr'>ἑταιρήσεως</span> <span class='ocrx_word' id='word_1_66' title='bbox 1327 526 1526 567; x_wconf 78' lang='grc' dir='ltr'>δικάζοντες.</span> <span class='ocrx_word' id='word_1_67' title='bbox 1568 524 1655 568; x_wconf 79' lang='grc' dir='ltr'>ἦσαν</span> <span class='ocrx_word' id='word_1_68' title='bbox 1683 526 1720 559; x_wconf 80' lang='grc' dir='ltr'>δέ</span> <span class='ocrx_word' id='word_1_69' title='bbox 1752 527 1806 560; x_wconf 81' lang='grc' dir='ltr'>καὶ</span> 
     </span>
     <span class='ocr_line' id='line_1_7' title="bbox 288 585 1806 634; baseline 0.003 -15"><span class='ocrx_word' id='word_1_70' title='bbox 288 585 390 620; x_wconf 78' lang='grc' dir='ltr'>ι’ίλλοι</span> <span class='ocrx_word' id='word_1_71' title='bbox 415 589 517 631; x_wconf 83' lang='grc' dir='ltr'>τρεῖς,</span> <span class='ocrx_word' id='word_1_72' title='bbox 540 586 586 622; x_wconf 75' lang='grc' dir='ltr'>εἷς</span> <span class='ocrx_word' id='word_1_73' title='bbox 609 588 794 632; x_wconf 85' lang='grc' dir='ltr'>ἐπώνυμος,</span> <span class='ocrx_word' id='word_1_74' title='bbox 815 589 853 633; x_wconf 79' lang='grc' dir='ltr'>ἐξ</span> <span class='ocrx_word' id='word_1_75' title='bbox 873 587 912 622; x_wconf 73' lang='grc' dir='ltr'>οὗ</span> <span class='ocrx_word' id='word_1_76' title='bbox 935 589 989 622; x_wconf 82' lang='grc' dir='ltr'>καὶ</span> <span class='ocrx_word' id='word_1_77' title='bbox 1014 590 1032 622; x_wconf 90' lang='grc' dir='ltr'>ὁ</span> <span class='ocrx_word' id='word_1_78' title='bbox 1055 589 1206 624; x_wconf 77' lang='grc' dir='ltr'>ἐνιαυτὸς</span> <span class='ocrx_word' id='word_1_79' title='bbox 1230 589 1403 632; x_wconf 84' lang='grc' dir='ltr'>ἐπώνυμος</span> <span class='ocrx_word' id='word_1_80' title='bbox 1426 589 1627 631; x_wconf 78' lang='grc' dir='ltr'>ὠνομάζετο,</span> <span class='ocrx_word' id='word_1_81' title='bbox 1648 587 1806 634; x_wconf 77' lang='grc' dir='ltr'>δεύτερος</span> 
     </span>
    </p>

    <p class='ocr_par' dir='ltr' id='par_1_4' title="bbox 287 649 1805 697">
     <span class='ocr_line' id='line_1_8' title="bbox 287 649 1805 697; baseline 0.003 -16"><span class='ocrx_word' id='word_1_82' title='bbox 287 649 306 681; x_wconf 88' lang='grc' dir='ltr'><strong><em>ὁ</em></strong></span> <span class='ocrx_word' id='word_1_83' title='bbox 330 649 511 689; x_wconf 78' lang='grc' dir='ltr'>βασιλεὺς,</span> <span class='ocrx_word' id='word_1_84' title='bbox 536 651 554 681; x_wconf 84' lang='grc' dir='ltr'>ὁ</span> <span class='ocrx_word' id='word_1_85' title='bbox 580 650 622 683; x_wconf 85' lang='grc' dir='ltr'>τὰ</span> <span class='ocrx_word' id='word_1_86' title='bbox 647 653 714 683; x_wconf 91' lang='grc' dir='ltr'>τῶν</span> <span class='ocrx_word' id='word_1_87' title='bbox 743 651 903 696; x_wconf 82' lang='grc' dir='ltr'>ὀρφανῶν</span> <span class='ocrx_word' id='word_1_88' title='bbox 929 652 981 685; x_wconf 86' lang='grc' dir='ltr'>καὶ</span> <span class='ocrx_word' id='word_1_89' title='bbox 1006 651 1174 690; x_wconf 82' lang='grc' dir='ltr'>ἀσεβειῶν</span> <span class='ocrx_word' id='word_1_90' title='bbox 1200 652 1343 693; x_wconf 83' lang='grc' dir='ltr'>διοικῶν,</span> <span class='ocrx_word' id='word_1_91' title='bbox 1364 651 1478 696; x_wconf 89' lang='grc' dir='ltr'>τρίτος</span> <span class='ocrx_word' id='word_1_92' title='bbox 1498 653 1516 685; x_wconf 91' lang='grc' dir='ltr'>ὁ</span> <span class='ocrx_word' id='word_1_93' title='bbox 1535 653 1764 697; x_wconf 81' lang='grc' dir='ltr'>πολέμαρχος,</span> <span class='ocrx_word' id='word_1_94' title='bbox 1786 654 1805 686; x_wconf 86' lang='grc' dir='ltr'>ὁ</span> 
     </span>
    </p>

    <p class='ocr_par' dir='ltr' id='par_1_5' title="bbox 284 705 1898 822">
     <span class='ocr_line' id='line_1_9' title="bbox 285 705 1898 760; baseline 0.004 -17"><span class='ocrx_word' id='word_1_95' title='bbox 285 713 352 744; x_wconf 91' lang='grc' dir='ltr'>τῶν</span> <span class='ocrx_word' id='word_1_96' title='bbox 380 713 572 754; x_wconf 84' lang='grc' dir='ltr'>πολεμικῶν</span> <span class='ocrx_word' id='word_1_97' title='bbox 600 712 877 757; x_wconf 78' lang='grc' dir='ltr'>ἐπιμελούμενος.</span> <span class='ocrx_word' id='word_1_98' title='bbox 919 715 951 747; x_wconf 81' lang='grc' dir='ltr'>οἱ</span> <span class='ocrx_word' id='word_1_99' title='bbox 980 714 1015 747; x_wconf 78' lang='grc' dir='ltr'>δὲ</span> <span class='ocrx_word' id='word_1_100' title='bbox 1045 714 1248 756; x_wconf 81' lang='grc' dir='ltr'>θεσμοθέται</span> <span class='ocrx_word' id='word_1_101' title='bbox 1278 715 1429 747; x_wconf 82' lang='grc' dir='ltr'>ἐνιαυτὸν</span> <span class='ocrx_word' id='word_1_102' title='bbox 1458 713 1562 757; x_wconf 86' lang='grc' dir='ltr'>μόνον</span> <span class='ocrx_word' id='word_1_103' title='bbox 1589 713 1707 760; x_wconf 81' lang='grc' dir='ltr'>ἦρχον,</span> <span class='ocrx_word' id='word_1_104' title='bbox 1735 717 1802 760; x_wconf 86' lang='grc' dir='ltr'>πρὸ</span> <span class='ocrx_word' id='word_1_105' title='bbox 1814 705 1898 759; x_wconf 79' lang='lat'>589</span> 
     </span>
     <span class='ocr_line' id='line_1_10' title="bbox 284 773 1803 822; baseline 0.004 -16"><span class='ocrx_word' id='word_1_106' title='bbox 284 774 343 816; x_wconf 82' lang='grc' dir='ltr'>τῆς</span> <span class='ocrx_word' id='word_1_107' title='bbox 361 773 466 819; x_wconf 81' lang='grc' dir='ltr'>ἀρχῆς</span> <span class='ocrx_word' id='word_1_108' title='bbox 487 777 674 820; x_wconf 90' lang='grc' dir='ltr'>κρινόμενοι</span> <span class='ocrx_word' id='word_1_109' title='bbox 696 778 774 821; x_wconf 85' lang='grc' dir='ltr'>περὶ</span> <span class='ocrx_word' id='word_1_110' title='bbox 800 780 860 810; x_wconf 85' lang='grc' dir='ltr'>τοῦ</span> <span class='ocrx_word' id='word_1_111' title='bbox 884 778 1120 822; x_wconf 83' lang='grc' dir='ltr'>προλαβόντος</span> <span class='ocrx_word' id='word_1_112' title='bbox 1139 781 1264 811; x_wconf 82' lang='grc' dir='ltr'>παντὸς</span> <span class='ocrx_word' id='word_1_113' title='bbox 1283 779 1375 817; x_wconf 87' lang='grc' dir='ltr'>βίου.</span> <span class='ocrx_word' id='word_1_114' title='bbox 1416 777 1469 810; x_wconf 80' lang='grc' dir='ltr'>καὶ</span> <span class='ocrx_word' id='word_1_115' title='bbox 1487 777 1517 810; x_wconf 88' lang='grc' dir='ltr'>εἶ</span> <span class='ocrx_word' id='word_1_116' title='bbox 1535 777 1596 820; x_wconf 83' lang='grc' dir='ltr'>μὲν</span> <span class='ocrx_word' id='word_1_117' title='bbox 1615 777 1803 822; x_wconf 83' lang='grc' dir='ltr'>εὑρέθησαν</span> 
     </span>
    </p>

    <p class='ocr_par' dir='ltr' id='par_1_6' title="bbox 283 838 1831 885">
     <span class='ocr_line' id='line_1_11' title="bbox 283 838 1831 885; baseline 0.002 -14"><span class='ocrx_word' id='word_1_118' title='bbox 283 838 318 871; x_wconf 84' lang='grc' dir='ltr'>ἐν</span> <span class='ocrx_word' id='word_1_119' title='bbox 341 840 428 872; x_wconf 78' lang='grc' dir='ltr'>πᾶσι</span> <span class='ocrx_word' id='word_1_120' title='bbox 451 840 582 880; x_wconf 83' lang='grc' dir='ltr'>δίκαιοι,</span> <span class='ocrx_word' id='word_1_121' title='bbox 604 839 710 885; x_wconf 81' lang='grc' dir='ltr'>ἦρχον</span> <span class='ocrx_word' id='word_1_122' title='bbox 729 842 788 874; x_wconf 91' lang='grc' dir='ltr'>τὸν</span> <span class='ocrx_word' id='word_1_123' title='bbox 807 842 968 875; x_wconf 78' lang='grc' dir='ltr'>ἐνιαυτόν.</span> <span class='ocrx_word' id='word_1_124' title='bbox 1007 838 1078 875; x_wconf 76' lang='grc' dir='ltr'>εἶτα</span> <span class='ocrx_word' id='word_1_125' title='bbox 1105 842 1210 875; x_wconf 90' lang='grc' dir='ltr'>πάλιν</span> <span class='ocrx_word' id='word_1_126' title='bbox 1237 841 1321 884; x_wconf 82' lang='grc' dir='ltr'>μετὰ</span> <span class='ocrx_word' id='word_1_127' title='bbox 1346 843 1406 874; x_wconf 88' lang='grc' dir='ltr'>τὸν</span> <span class='ocrx_word' id='word_1_128' title='bbox 1435 841 1587 874; x_wconf 84' lang='grc' dir='ltr'>ἐνιαυτὸν</span> <span class='ocrx_word' id='word_1_129' title='bbox 1616 840 1798 885; x_wconf 85' lang='grc' dir='ltr'>ἐκρίνοντο,</span> <span class='ocrx_word' id='word_1_130' title='bbox 1814 847 1831 878; x_wconf 86' lang='grc'>5</span> 
     </span>
    </p>

    <p class='ocr_par' dir='ltr' id='par_1_7' title="bbox 263 902 1954 2096">
     <span class='ocr_line' id='line_1_12' title="bbox 282 902 1800 951; baseline 0.003 -16"><span class='ocrx_word' id='word_1_131' title='bbox 282 902 311 935; x_wconf 87' lang='grc' dir='ltr'>εἷ</span> <span class='ocrx_word' id='word_1_132' title='bbox 336 903 447 937; x_wconf 88' lang='grc' dir='ltr'>καλῶς</span> <span class='ocrx_word' id='word_1_133' title='bbox 472 904 507 937; x_wconf 86' lang='grc' dir='ltr'>ἐν</span> <span class='ocrx_word' id='word_1_134' title='bbox 532 905 622 951; x_wconf 80' lang='grc' dir='ltr'>αὐτῷ</span> <span class='ocrx_word' id='word_1_135' title='bbox 646 903 761 950; x_wconf 80' lang='grc' dir='ltr'>ἧρξαν·</span> <span class='ocrx_word' id='word_1_136' title='bbox 793 905 846 939; x_wconf 87' lang='grc' dir='ltr'>καὶ</span> <span class='ocrx_word' id='word_1_137' title='bbox 874 905 903 938; x_wconf 84' lang='grc' dir='ltr'>εἶ</span> <span class='ocrx_word' id='word_1_138' title='bbox 932 903 1064 940; x_wconf 84' lang='grc' dir='ltr'>δικαίως</span> <span class='ocrx_word' id='word_1_139' title='bbox 1094 905 1261 950; x_wconf 78' lang='grc' dir='ltr'>ὤφθησαν</span> <span class='ocrx_word' id='word_1_140' title='bbox 1286 905 1459 949; x_wconf 73' lang='grc' dir='ltr'>ἄρξαντες,</span> <span class='ocrx_word' id='word_1_141' title='bbox 1486 904 1730 949; x_wconf 83' lang='grc' dir='ltr'>προσετίθεντο</span> <span class='ocrx_word' id='word_1_142' title='bbox 1761 908 1800 948; x_wconf 86' lang='grc' dir='ltr'>τῇ</span> 
     </span>
     <span class='ocr_line' id='line_1_13' title="bbox 278 966 1798 1015; baseline 0.003 -17"><span class='ocrx_word' id='word_1_143' title='bbox 278 967 390 1008; x_wconf 85' lang='grc' dir='ltr'>βουλῇ</span> <span class='ocrx_word' id='word_1_144' title='bbox 420 970 488 1000; x_wconf 88' lang='grc' dir='ltr'>τῶν</span> <span class='ocrx_word' id='word_1_145' title='bbox 512 966 789 1012; x_wconf 85' lang='grc' dir='ltr'>Ἀρειοπαγιτῶν.</span> <span class='ocrx_word' id='word_1_146' title='bbox 833 969 885 1002; x_wconf 83' lang='grc' dir='ltr'>καὶ</span> <span class='ocrx_word' id='word_1_147' title='bbox 913 969 967 1002; x_wconf 88' lang='grc' dir='ltr'>διὰ</span> <span class='ocrx_word' id='word_1_148' title='bbox 996 971 1098 1002; x_wconf 83' lang='grc' dir='ltr'>τοῦτο</span> <span class='ocrx_word' id='word_1_149' title='bbox 1127 970 1191 1014; x_wconf 85' lang='grc' dir='ltr'>οὐχ</span> <span class='ocrx_word' id='word_1_150' title='bbox 1219 970 1407 1002; x_wconf 82' lang='grc' dir='ltr'>ὑπέπιπτον</span> <span class='ocrx_word' id='word_1_151' title='bbox 1433 967 1574 1015; x_wconf 82' lang='grc' dir='ltr'>ἆριθμῲ.</span> <span class='ocrx_word' id='word_1_152' title='bbox 1618 968 1648 1001; x_wconf 88' lang='grc' dir='ltr'>εἶ</span> <span class='ocrx_word' id='word_1_153' title='bbox 1675 968 1713 1002; x_wconf 78' lang='grc' dir='ltr'>δέ</span> <span class='ocrx_word' id='word_1_154' title='bbox 1740 969 1798 1012; x_wconf 89' lang='grc' dir='ltr'>μὴ,</span> 
     </span>
     <span class='ocr_line' id='line_1_14' title="bbox 280 1030 1797 1078; baseline 0.001 -15"><span class='ocrx_word' id='word_1_155' title='bbox 280 1030 520 1074; x_wconf 81' lang='grc' dir='ltr'>ἐξεβάλλοντο.</span> <span class='ocrx_word' id='word_1_156' title='bbox 564 1032 658 1077; x_wconf 85' lang='grc' dir='ltr'>τρίτη</span> <span class='ocrx_word' id='word_1_157' title='bbox 687 1033 848 1078; x_wconf 85' lang='grc' dir='ltr'>διαφορὰ,</span> <span class='ocrx_word' id='word_1_158' title='bbox 880 1032 931 1066; x_wconf 86' lang='grc' dir='ltr'>ὅτι</span> <span class='ocrx_word' id='word_1_159' title='bbox 960 1032 979 1076; x_wconf 85' lang='grc' dir='ltr'>ἡ</span> <span class='ocrx_word' id='word_1_160' title='bbox 1010 1034 1072 1077; x_wconf 84' lang='grc' dir='ltr'>μὲν</span> <span class='ocrx_word' id='word_1_161' title='bbox 1099 1036 1166 1066; x_wconf 91' lang='grc' dir='ltr'>τῶν</span> <span class='ocrx_word' id='word_1_162' title='bbox 1194 1032 1425 1066; x_wconf 81' lang='grc' dir='ltr'>πεντακοσίων</span> <span class='ocrx_word' id='word_1_163' title='bbox 1453 1032 1524 1066; x_wconf 80' lang='grc' dir='ltr'>κατ’</span> <span class='ocrx_word' id='word_1_164' title='bbox 1551 1032 1703 1066; x_wconf 86' lang='grc' dir='ltr'>ἐνιαυτὸν</span> <span class='ocrx_word' id='word_1_165' title='bbox 1730 1032 1797 1066; x_wconf 91' lang='grc' dir='ltr'>διε-</span> 
     </span>
     <span class='ocr_line' id='line_1_15' title="bbox 277 1093 1852 1142; baseline 0.001 -15"><span class='ocrx_word' id='word_1_166' title='bbox 277 1093 409 1138; x_wconf 84' lang='grc' dir='ltr'>δέχετο,</span> <span class='ocrx_word' id='word_1_167' title='bbox 437 1094 456 1138; x_wconf 89' lang='grc' dir='ltr'>ἡ</span> <span class='ocrx_word' id='word_1_168' title='bbox 486 1095 522 1128; x_wconf 82' lang='grc' dir='ltr'>δέ</span> <span class='ocrx_word' id='word_1_169' title='bbox 550 1098 618 1129; x_wconf 90' lang='grc' dir='ltr'>τῶν</span> <span class='ocrx_word' id='word_1_170' title='bbox 645 1095 911 1142; x_wconf 84' lang='grc' dir='ltr'>Ἀρειοπαγιτῶν</span> <span class='ocrx_word' id='word_1_171' title='bbox 939 1095 978 1139; x_wconf 77' lang='grc' dir='ltr'>ἦν</span> <span class='ocrx_word' id='word_1_172' title='bbox 1005 1097 1198 1141; x_wconf 83' lang='grc' dir='ltr'>άδιάδοχος·</span> <span class='ocrx_word' id='word_1_173' title='bbox 1233 1096 1263 1129; x_wconf 90' lang='grc' dir='ltr'>εἶ</span> <span class='ocrx_word' id='word_1_174' title='bbox 1290 1096 1335 1139; x_wconf 90' lang='grc' dir='ltr'>μὴ</span> <span class='ocrx_word' id='word_1_175' title='bbox 1364 1096 1429 1141; x_wconf 87' lang='grc' dir='ltr'>γάρ</span> <span class='ocrx_word' id='word_1_176' title='bbox 1457 1109 1509 1130; x_wconf 83' lang='grc' dir='ltr'>τις</span> <span class='ocrx_word' id='word_1_177' title='bbox 1537 1095 1663 1141; x_wconf 80' lang='grc' dir='ltr'>ἥμαρτε</span> <span class='ocrx_word' id='word_1_178' title='bbox 1690 1097 1794 1142; x_wconf 81' lang='grc' dir='ltr'>μεγά-</span> <span class='ocrx_word' id='word_1_179' title='bbox 1815 1107 1852 1129; x_wconf 84' lang='grc' dir='ltr'>Ιο</span> 
     </span>
     <span class='ocr_line' id='line_1_16' title="bbox 275 1157 1796 1206; baseline 0.001 -15"><span class='ocrx_word' id='word_1_180' title='bbox 275 1159 356 1197; x_wconf 84' lang='grc' dir='ltr'>λως,</span> <span class='ocrx_word' id='word_1_181' title='bbox 382 1158 442 1191; x_wconf 76' lang='grc' dir='ltr'>οὐκ</span> <span class='ocrx_word' id='word_1_182' title='bbox 465 1159 684 1203; x_wconf 80' lang='grc' dir='ltr'>ἐξεβάλλετο.</span> <span class='ocrx_word' id='word_1_183' title='bbox 724 1160 838 1203; x_wconf 84' lang='grc' dir='ltr'>ἐπειδὴ</span> <span class='ocrx_word' id='word_1_184' title='bbox 866 1160 902 1193; x_wconf 84' lang='grc' dir='ltr'>δέ</span> <span class='ocrx_word' id='word_1_185' title='bbox 928 1160 967 1193; x_wconf 82' lang='grc' dir='ltr'>οὗ</span> <span class='ocrx_word' id='word_1_186' title='bbox 997 1161 1171 1205; x_wconf 85' lang='grc' dir='ltr'>πρόκειται</span> <span class='ocrx_word' id='word_1_187' title='bbox 1200 1159 1277 1203; x_wconf 81' lang='grc' dir='ltr'>ἡμῖν</span> <span class='ocrx_word' id='word_1_188' title='bbox 1302 1160 1379 1204; x_wconf 84' lang='grc' dir='ltr'>περὶ</span> <span class='ocrx_word' id='word_1_189' title='bbox 1407 1161 1466 1202; x_wconf 84' lang='grc' dir='ltr'>τῆς</span> <span class='ocrx_word' id='word_1_190' title='bbox 1492 1159 1527 1192; x_wconf 86' lang='grc' dir='ltr'>ἐν</span> <span class='ocrx_word' id='word_1_191' title='bbox 1552 1157 1672 1206; x_wconf 79' lang='grc' dir='ltr'>Ἀρείῳ</span> <span class='ocrx_word' id='word_1_192' title='bbox 1697 1160 1796 1206; x_wconf 80' lang='grc' dir='ltr'>πάγῳ</span> 
     </span>
     <span class='ocr_line' id='line_1_17' title="bbox 275 1221 1793 1269; baseline 0.001 -15"><span class='ocrx_word' id='word_1_193' title='bbox 275 1222 418 1265; x_wconf 81' lang='grc' dir='ltr'>βουλῆς,</span> <span class='ocrx_word' id='word_1_194' title='bbox 453 1222 544 1256; x_wconf 83' lang='grc' dir='ltr'>ἀλλὰ</span> <span class='ocrx_word' id='word_1_195' title='bbox 580 1225 658 1269; x_wconf 85' lang='grc' dir='ltr'>περὶ</span> <span class='ocrx_word' id='word_1_196' title='bbox 697 1226 764 1258; x_wconf 91' lang='grc' dir='ltr'>τῶν</span> <span class='ocrx_word' id='word_1_197' title='bbox 802 1223 1046 1263; x_wconf 82' lang='grc' dir='ltr'>πεντακοσίων,</span> <span class='ocrx_word' id='word_1_198' title='bbox 1081 1223 1261 1269; x_wconf 82' lang='grc' dir='ltr'>ἀναγκαῖον</span> <span class='ocrx_word' id='word_1_199' title='bbox 1295 1224 1413 1267; x_wconf 77' lang='grc' dir='ltr'>μαθεῖν</span> <span class='ocrx_word' id='word_1_200' title='bbox 1450 1223 1535 1266; x_wconf 80' lang='grc' dir='ltr'>ἡμᾶς</span> <span class='ocrx_word' id='word_1_201' title='bbox 1570 1225 1642 1257; x_wconf 88' lang='grc' dir='ltr'>πῶς</span> <span class='ocrx_word' id='word_1_202' title='bbox 1678 1221 1793 1267; x_wconf 76' lang='grc' dir='ltr'>ἦρχεν.</span> 
     </span>
     <span class='ocr_line' id='line_1_18' title="bbox 274 1284 1846 1332; baseline 0.002 -14"><span class='ocrx_word' id='word_1_203' title='bbox 274 1284 388 1318; x_wconf 77' lang='grc' dir='ltr'>ἰστέον</span> <span class='ocrx_word' id='word_1_204' title='bbox 407 1284 459 1319; x_wconf 84' lang='grc' dir='ltr'>ὅτι</span> <span class='ocrx_word' id='word_1_205' title='bbox 479 1287 538 1320; x_wconf 82' lang='grc' dir='ltr'>οὐκ</span> <span class='ocrx_word' id='word_1_206' title='bbox 558 1286 733 1332; x_wconf 78' lang='grc' dir='ltr'>ἐψήφιζον</span> <span class='ocrx_word' id='word_1_207' title='bbox 753 1289 784 1321; x_wconf 82' lang='grc' dir='ltr'>οἱ</span> <span class='ocrx_word' id='word_1_208' title='bbox 805 1286 976 1332; x_wconf 77' lang='grc' dir='ltr'>Ἀθηναῖοι</span> <span class='ocrx_word' id='word_1_209' title='bbox 1001 1288 1080 1322; x_wconf 83' lang='grc' dir='ltr'>τοὺς</span> <span class='ocrx_word' id='word_1_210' title='bbox 1105 1289 1210 1331; x_wconf 84' lang='grc' dir='ltr'>μῆνας</span> <span class='ocrx_word' id='word_1_211' title='bbox 1236 1288 1317 1321; x_wconf 88' lang='grc' dir='ltr'>κατὰ</span> <span class='ocrx_word' id='word_1_212' title='bbox 1343 1288 1403 1321; x_wconf 89' lang='grc' dir='ltr'>τὸν</span> <span class='ocrx_word' id='word_1_213' title='bbox 1428 1287 1566 1330; x_wconf 84' lang='grc' dir='ltr'>ἡλιακὸν</span> <span class='ocrx_word' id='word_1_214' title='bbox 1589 1286 1727 1331; x_wconf 84' lang='grc' dir='ltr'>δρόμον,</span> <span class='ocrx_word' id='word_1_215' title='bbox 1749 1286 1793 1321; x_wconf 74' lang='grc' dir='ltr'>ὡς</span> <span class='ocrx_word' id='word_1_216' title='bbox 1811 1295 1846 1327; x_wconf 88' lang='grc'>15</span> 
     </span>
     <span class='ocr_line' id='line_1_19' title="bbox 272 1348 1954 1405; baseline 0.001 -22"><span class='ocrx_word' id='word_1_217' title='bbox 272 1348 377 1392; x_wconf 78' lang='grc' dir='ltr'>ἡμεῖς,</span> <span class='ocrx_word' id='word_1_218' title='bbox 412 1349 504 1384; x_wconf 83' lang='grc' dir='ltr'>ἀλλὰ</span> <span class='ocrx_word' id='word_1_219' title='bbox 537 1351 620 1385; x_wconf 88' lang='grc' dir='ltr'>κατὰ</span> <span class='ocrx_word' id='word_1_220' title='bbox 652 1353 712 1385; x_wconf 87' lang='grc' dir='ltr'>τὸν</span> <span class='ocrx_word' id='word_1_221' title='bbox 746 1353 958 1396; x_wconf 90' lang='grc' dir='ltr'>σεληνιακόν.</span> <span class='ocrx_word' id='word_1_222' title='bbox 1003 1352 1086 1385; x_wconf 92' lang='grc' dir='ltr'>κατὰ</span> <span class='ocrx_word' id='word_1_223' title='bbox 1117 1353 1183 1397; x_wconf 88' lang='grc' dir='ltr'>γὰρ</span> <span class='ocrx_word' id='word_1_224' title='bbox 1216 1353 1275 1385; x_wconf 87' lang='grc' dir='ltr'>τὸν</span> <span class='ocrx_word' id='word_1_225' title='bbox 1308 1351 1446 1394; x_wconf 88' lang='grc' dir='ltr'>ἡλιακὸν</span> <span class='ocrx_word' id='word_1_226' title='bbox 1483 1352 1553 1395; x_wconf 77' lang='grc' dir='ltr'>ἔχει</span> <span class='ocrx_word' id='word_1_227' title='bbox 1591 1351 1609 1382; x_wconf 91' lang='grc' dir='ltr'>ὁ</span> <span class='ocrx_word' id='word_1_228' title='bbox 1642 1349 1793 1385; x_wconf 76' lang='grc' dir='ltr'>ἐνιαυτὸς</span> <span class='ocrx_word' id='word_1_229' title='bbox 1952 1355 1954 1405; x_wconf 61' lang='grc'>;</span> 
     </span>
     <span class='ocr_line' id='line_1_20' title="bbox 270 1411 1954 1459; baseline 0.001 -14"><span class='ocrx_word' id='word_1_230' title='bbox 270 1411 394 1458; x_wconf 85' lang='grc' dir='ltr'>ἡμέρας</span> <span class='ocrx_word' id='word_1_231' title='bbox 427 1414 623 1459; x_wconf 84' lang='grc' dir='ltr'>τριακοσίας</span> <span class='ocrx_word' id='word_1_232' title='bbox 656 1414 817 1458; x_wconf 80' lang='grc' dir='ltr'>ἑξήκοντα</span> <span class='ocrx_word' id='word_1_233' title='bbox 849 1415 960 1456; x_wconf 90' lang='grc' dir='ltr'>πέντε,</span> <span class='ocrx_word' id='word_1_234' title='bbox 995 1414 1087 1449; x_wconf 78' lang='grc' dir='ltr'>ὥστε</span> <span class='ocrx_word' id='word_1_235' title='bbox 1122 1415 1303 1458; x_wconf 74' lang='grc' dir='ltr'>συμβαίνει</span> <span class='ocrx_word' id='word_1_236' title='bbox 1335 1415 1426 1458; x_wconf 78' lang='grc' dir='ltr'>ἔχειν</span> <span class='ocrx_word' id='word_1_237' title='bbox 1458 1414 1518 1446; x_wconf 91' lang='grc' dir='ltr'>τὸν</span> <span class='ocrx_word' id='word_1_238' title='bbox 1550 1414 1636 1456; x_wconf 85' lang='grc' dir='ltr'>μῆνα</span> <span class='ocrx_word' id='word_1_239' title='bbox 1669 1411 1794 1458; x_wconf 79' lang='grc' dir='ltr'>ἡμέρας</span> <span class='ocrx_word' id='word_1_240' title='bbox 1951 1413 1954 1419; x_wconf 71' lang='grc'><strong>’</strong></span> 
     </span>
     <span class='ocr_line' id='line_1_21' title="bbox 269 1475 1792 1523; baseline 0 -14"><span class='ocrx_word' id='word_1_241' title='bbox 269 1476 447 1520; x_wconf 90' lang='grc' dir='ltr'>τριάκοντα</span> <span class='ocrx_word' id='word_1_242' title='bbox 466 1478 519 1511; x_wconf 87' lang='grc' dir='ltr'>καὶ</span> <span class='ocrx_word' id='word_1_243' title='bbox 538 1478 653 1523; x_wconf 89' lang='grc' dir='ltr'>τρίτον</span> <span class='ocrx_word' id='word_1_244' title='bbox 672 1475 744 1512; x_wconf 61' lang='grc' dir='ltr'>Ῐ’καὶ</span> <span class='ocrx_word' id='word_1_245' title='bbox 764 1478 962 1512; x_wconf 84' lang='grc' dir='ltr'>δωδέκατον.</span> <span class='ocrx_word' id='word_1_246' title='bbox 994 1479 1123 1513; x_wconf 85' lang='grc' dir='ltr'>δεκάκις</span> <span class='ocrx_word' id='word_1_247' title='bbox 1140 1479 1206 1523; x_wconf 87' lang='grc' dir='ltr'>γὰρ</span> <span class='ocrx_word' id='word_1_248' title='bbox 1226 1479 1404 1523; x_wconf 88' lang='grc' dir='ltr'>τριάκοντα</span> <span class='ocrx_word' id='word_1_249' title='bbox 1424 1477 1615 1522; x_wconf 85' lang='grc' dir='ltr'>τριακόσια,</span> <span class='ocrx_word' id='word_1_250' title='bbox 1630 1476 1681 1511; x_wconf 82' lang='grc' dir='ltr'>δὶς</span> <span class='ocrx_word' id='word_1_251' title='bbox 1698 1476 1792 1521; x_wconf 85' lang='grc' dir='ltr'>τριά-</span> 
     </span>
     <span class='ocr_line' id='line_1_22' title="bbox 268 1539 1845 1587; baseline 0 -15"><span class='ocrx_word' id='word_1_252' title='bbox 268 1553 369 1573; x_wconf 91' lang='grc' dir='ltr'>κοντα</span> <span class='ocrx_word' id='word_1_253' title='bbox 389 1539 560 1584; x_wconf 79' lang='grc' dir='ltr'>ἑξήκοντα·</span> <span class='ocrx_word' id='word_1_254' title='bbox 587 1542 692 1575; x_wconf 85' lang='grc' dir='ltr'>λοιπὰ</span> <span class='ocrx_word' id='word_1_255' title='bbox 711 1543 824 1576; x_wconf 85' lang='grc' dir='ltr'>πέντε.</span> <span class='ocrx_word' id='word_1_256' title='bbox 856 1543 895 1576; x_wconf 89' lang='grc' dir='ltr'>τὸ</span> <span class='ocrx_word' id='word_1_257' title='bbox 912 1542 1026 1587; x_wconf 90' lang='grc' dir='ltr'>τρίτον</span> <span class='ocrx_word' id='word_1_258' title='bbox 1042 1544 1108 1575; x_wconf 86' lang='grc' dir='ltr'>τῶν</span> <span class='ocrx_word' id='word_1_259' title='bbox 1128 1541 1254 1575; x_wconf 83' lang='grc' dir='ltr'>δώδεκα</span> <span class='ocrx_word' id='word_1_260' title='bbox 1274 1540 1441 1586; x_wconf 89' lang='grc' dir='ltr'>τέσσαρα·</span> <span class='ocrx_word' id='word_1_261' title='bbox 1469 1540 1571 1583; x_wconf 89' lang='grc' dir='ltr'>λοιπὴ</span> <span class='ocrx_word' id='word_1_262' title='bbox 1592 1539 1663 1584; x_wconf 88' lang='grc' dir='ltr'>μία.</span> <span class='ocrx_word' id='word_1_263' title='bbox 1697 1539 1790 1573; x_wconf 69' lang='grc' dir='ltr'>ἔδω·</span> <span class='ocrx_word' id='word_1_264' title='bbox 1804 1552 1845 1573; x_wconf 89' lang='lat'>20</span> 
     </span>
     <span class='ocr_line' id='line_1_23' title="bbox 267 1602 1791 1648; baseline -0.001 -12"><span class='ocrx_word' id='word_1_265' title='bbox 267 1602 406 1637; x_wconf 85' lang='grc' dir='ltr'>δέκατον</span> <span class='ocrx_word' id='word_1_266' title='bbox 425 1604 462 1637; x_wconf 79' lang='grc' dir='ltr'>δὲ</span> <span class='ocrx_word' id='word_1_267' title='bbox 482 1605 540 1647; x_wconf 85' lang='grc' dir='ltr'>τῆς</span> <span class='ocrx_word' id='word_1_268' title='bbox 562 1606 639 1647; x_wconf 82' lang='grc' dir='ltr'>μιᾶς</span> <span class='ocrx_word' id='word_1_269' title='bbox 657 1602 749 1638; x_wconf 80' lang='grc' dir='ltr'>11δύο</span> <span class='ocrx_word' id='word_1_270' title='bbox 770 1604 858 1639; x_wconf 85' lang='grc' dir='ltr'>ἐστί.</span> <span class='ocrx_word' id='word_1_271' title='bbox 897 1606 978 1639; x_wconf 87' lang='grc' dir='ltr'>κατὰ</span> <span class='ocrx_word' id='word_1_272' title='bbox 1002 1605 1037 1639; x_wconf 79' lang='grc' dir='ltr'>δὲ</span> <span class='ocrx_word' id='word_1_273' title='bbox 1064 1605 1124 1638; x_wconf 89' lang='grc' dir='ltr'>τὸν</span> <span class='ocrx_word' id='word_1_274' title='bbox 1147 1605 1348 1648; x_wconf 88' lang='grc' dir='ltr'>σεληνιακὸν</span> <span class='ocrx_word' id='word_1_275' title='bbox 1367 1604 1493 1648; x_wconf 88' lang='grc' dir='ltr'>δρόμον</span> <span class='ocrx_word' id='word_1_276' title='bbox 1513 1604 1531 1636; x_wconf 89' lang='grc' dir='ltr'>ὁ</span> <span class='ocrx_word' id='word_1_277' title='bbox 1551 1603 1701 1638; x_wconf 84' lang='grc' dir='ltr'>ἐνιαυτὸς</span> <span class='ocrx_word' id='word_1_278' title='bbox 1720 1603 1791 1647; x_wconf 78' lang='grc' dir='ltr'>ἔχει</span> 
     </span>
     <span class='ocr_line' id='line_1_24' title="bbox 266 1666 1791 1716; baseline 0.001 -16"><span class='ocrx_word' id='word_1_279' title='bbox 266 1667 462 1712; x_wconf 86' lang='grc' dir='ltr'>τριακοσίας</span> <span class='ocrx_word' id='word_1_280' title='bbox 499 1668 707 1712; x_wconf 84' lang='grc' dir='ltr'>πεντήκοντα</span> <span class='ocrx_word' id='word_1_281' title='bbox 745 1669 928 1716; x_wconf 86' lang='grc' dir='ltr'>τέσσαρας,</span> <span class='ocrx_word' id='word_1_282' title='bbox 968 1669 1058 1704; x_wconf 82' lang='grc' dir='ltr'>ὥστε</span> <span class='ocrx_word' id='word_1_283' title='bbox 1097 1667 1276 1712; x_wconf 82' lang='grc' dir='ltr'>συμβαίνει</span> <span class='ocrx_word' id='word_1_284' title='bbox 1314 1670 1374 1702; x_wconf 87' lang='grc' dir='ltr'>τὸν</span> <span class='ocrx_word' id='word_1_285' title='bbox 1414 1670 1500 1713; x_wconf 86' lang='grc' dir='ltr'>μῆνα</span> <span class='ocrx_word' id='word_1_286' title='bbox 1537 1669 1629 1712; x_wconf 75' lang='grc' dir='ltr'>ἔχειν</span> <span class='ocrx_word' id='word_1_287' title='bbox 1666 1666 1791 1712; x_wconf 83' lang='grc' dir='ltr'>ἡμέρας</span> 
     </span>
     <span class='ocr_line' id='line_1_25' title="bbox 266 1730 1839 1779; baseline 0.001 -16"><span class='ocrx_word' id='word_1_288' title='bbox 266 1730 470 1764; x_wconf 86' lang='grc' dir='ltr'>εἶκοσιεννέα</span> <span class='ocrx_word' id='word_1_289' title='bbox 509 1731 626 1776; x_wconf 78' lang='grc' dir='ltr'>ἥμισυ.</span> <span class='ocrx_word' id='word_1_290' title='bbox 675 1733 804 1768; x_wconf 88' lang='grc' dir='ltr'>δεκάκις</span> <span class='ocrx_word' id='word_1_291' title='bbox 835 1734 902 1779; x_wconf 90' lang='grc' dir='ltr'>γὰρ</span> <span class='ocrx_word' id='word_1_292' title='bbox 936 1731 1045 1767; x_wconf 70' lang='grc' dir='ltr'>ε’ίκοσι</span> <span class='ocrx_word' id='word_1_293' title='bbox 1078 1733 1245 1774; x_wconf 89' lang='grc' dir='ltr'>διακόσια,</span> <span class='ocrx_word' id='word_1_294' title='bbox 1280 1733 1331 1767; x_wconf 81' lang='grc' dir='ltr'>δὶς</span> <span class='ocrx_word' id='word_1_295' title='bbox 1369 1731 1478 1766; x_wconf 79' lang='grc' dir='ltr'>ε’ίκοσι</span> <span class='ocrx_word' id='word_1_296' title='bbox 1517 1732 1786 1776; x_wconf 86' lang='grc' dir='ltr'>τεσσαράκοντα,</span> <span class='ocrx_word' id='word_1_297' title='bbox 1802 1741 1839 1774; x_wconf 81' lang='lat'>25</span> 
     </span>
     <span class='ocr_line' id='line_1_26' title="bbox 265 1794 1785 1840; baseline 0.001 -13"><span class='ocrx_word' id='word_1_298' title='bbox 265 1794 394 1829; x_wconf 83' lang='grc' dir='ltr'>δεκάκις</span> <span class='ocrx_word' id='word_1_299' title='bbox 421 1794 515 1828; x_wconf 85' lang='grc' dir='ltr'>ἐννέα</span> <span class='ocrx_word' id='word_1_300' title='bbox 543 1795 769 1840; x_wconf 78' lang='grc' dir='ltr'>ἐννενήκοντα,</span> <span class='ocrx_word' id='word_1_301' title='bbox 799 1797 849 1832; x_wconf 76' lang='grc' dir='ltr'>δὶς·</span> <span class='ocrx_word' id='word_1_302' title='bbox 875 1797 969 1831; x_wconf 80' lang='grc' dir='ltr'>ἐννέα</span> <span class='ocrx_word' id='word_1_303' title='bbox 996 1797 1176 1840; x_wconf 81' lang='grc' dir='ltr'>δεκαοκτὼ,</span> <span class='ocrx_word' id='word_1_304' title='bbox 1205 1797 1257 1830; x_wconf 85' lang='grc' dir='ltr'>καὶ</span> <span class='ocrx_word' id='word_1_305' title='bbox 1284 1797 1324 1830; x_wconf 88' lang='grc' dir='ltr'>τὸ</span> <span class='ocrx_word' id='word_1_306' title='bbox 1351 1796 1456 1840; x_wconf 78' lang='grc' dir='ltr'>ἥμισυ</span> <span class='ocrx_word' id='word_1_307' title='bbox 1485 1799 1551 1829; x_wconf 89' lang='grc' dir='ltr'>τῶν</span> <span class='ocrx_word' id='word_1_308' title='bbox 1579 1795 1707 1829; x_wconf 86' lang='grc' dir='ltr'>δώδεκα</span> <span class='ocrx_word' id='word_1_309' title='bbox 1735 1794 1785 1839; x_wconf 80' lang='grc' dir='ltr'>ἕξ.</span> 
     </span>
     <span class='ocr_line' id='line_1_27' title="bbox 266 1856 1787 1906; baseline 0.001 -16"><span class='ocrx_word' id='word_1_310' title='bbox 266 1856 357 1891; x_wconf 70' lang='grc' dir='ltr'>ὥστε</span> <span class='ocrx_word' id='word_1_311' title='bbox 391 1859 475 1902; x_wconf 85' lang='grc' dir='ltr'>ὁμοῦ</span> <span class='ocrx_word' id='word_1_312' title='bbox 513 1856 596 1893; x_wconf 76' lang='grc' dir='ltr'>εἶναι</span> <span class='ocrx_word' id='word_1_313' title='bbox 629 1859 752 1904; x_wconf 86' lang='grc' dir='ltr'>ἡμέρας</span> <span class='ocrx_word' id='word_1_314' title='bbox 785 1861 982 1906; x_wconf 87' lang='grc' dir='ltr'>τριακοσίας</span> <span class='ocrx_word' id='word_1_315' title='bbox 1018 1859 1224 1904; x_wconf 77' lang='grc' dir='ltr'>πεντήκοντα</span> <span class='ocrx_word' id='word_1_316' title='bbox 1256 1859 1440 1905; x_wconf 82' lang='grc' dir='ltr'>τέσσαρας,</span> <span class='ocrx_word' id='word_1_317' title='bbox 1472 1857 1720 1893; x_wconf 76' lang='grc' dir='ltr'>ὑπολείπεσθαι</span> <span class='ocrx_word' id='word_1_318' title='bbox 1750 1858 1787 1892; x_wconf 83' lang='grc' dir='ltr'>δέ</span> 
     </span>
     <span class='ocr_line' id='line_1_28' title="bbox 265 1920 1787 1969; baseline 0.001 -15"><span class='ocrx_word' id='word_1_319' title='bbox 265 1921 348 1954; x_wconf 88' lang='grc' dir='ltr'>κατὰ</span> <span class='ocrx_word' id='word_1_320' title='bbox 378 1922 438 1955; x_wconf 85' lang='grc' dir='ltr'>τὸν</span> <span class='ocrx_word' id='word_1_321' title='bbox 468 1922 607 1966; x_wconf 88' lang='grc' dir='ltr'>ἡλιακὸν</span> <span class='ocrx_word' id='word_1_322' title='bbox 635 1924 761 1968; x_wconf 89' lang='grc' dir='ltr'>δρόμον</span> <span class='ocrx_word' id='word_1_323' title='bbox 790 1924 914 1969; x_wconf 87' lang='grc' dir='ltr'>ἡμέρας</span> <span class='ocrx_word' id='word_1_324' title='bbox 947 1924 1074 1964; x_wconf 84' lang='grc' dir='ltr'>ἕνδεκα,</span> <span class='ocrx_word' id='word_1_325' title='bbox 1104 1923 1142 1959; x_wconf 80' lang='grc' dir='ltr'>ἃς</span> <span class='ocrx_word' id='word_1_326' title='bbox 1170 1924 1342 1967; x_wconf 83' lang='grc' dir='ltr'>Ἀθηναῖοι</span> <span class='ocrx_word' id='word_1_327' title='bbox 1372 1924 1455 1958; x_wconf 85' lang='grc' dir='ltr'>κατὰ</span> <span class='ocrx_word' id='word_1_328' title='bbox 1484 1920 1653 1969; x_wconf 72' lang='grc' dir='ltr'>ἱτριετίαν</span> <span class='ocrx_word' id='word_1_329' title='bbox 1683 1923 1787 1956; x_wconf 79' lang='grc' dir='ltr'>συνά-</span> 
     </span>
     <span class='ocr_line' id='line_1_29' title="bbox 263 1985 1881 2036; baseline 0.001 -19"><span class='ocrx_word' id='word_1_330' title='bbox 263 1999 383 2028; x_wconf 87' lang='grc' dir='ltr'>γοντες</span> <span class='ocrx_word' id='word_1_331' title='bbox 407 1985 542 2019; x_wconf 81' lang='grc' dir='ltr'>ἐποίουν</span> <span class='ocrx_word' id='word_1_332' title='bbox 567 1987 627 2020; x_wconf 89' lang='grc' dir='ltr'>τὸν</span> <span class='ocrx_word' id='word_1_333' title='bbox 651 1988 840 2031; x_wconf 84' lang='grc' dir='ltr'>ἐμβόλιμον</span> <span class='ocrx_word' id='word_1_334' title='bbox 864 1988 951 2031; x_wconf 84' lang='grc' dir='ltr'>μῆνα</span> <span class='ocrx_word' id='word_1_335' title='bbox 976 1988 1154 2032; x_wconf 78' lang='grc' dir='ltr'>τριάκοντα</span> <span class='ocrx_word' id='word_1_336' title='bbox 1180 1991 1282 2032; x_wconf 85' lang='grc' dir='ltr'>τριῶν</span> <span class='ocrx_word' id='word_1_337' title='bbox 1306 1986 1448 2032; x_wconf 86' lang='grc' dir='ltr'>ἡμερῶν.</span> <span class='ocrx_word' id='word_1_338' title='bbox 1488 1987 1558 2030; x_wconf 85' lang='grc' dir='ltr'>ἕχει</span> <span class='ocrx_word' id='word_1_339' title='bbox 1577 1988 1660 2031; x_wconf 83' lang='grc' dir='ltr'>γοῦν</span> <span class='ocrx_word' id='word_1_340' title='bbox 1679 1987 1698 2018; x_wconf 89' lang='grc' dir='ltr'>ὁ</span> <span class='ocrx_word' id='word_1_341' title='bbox 1718 1985 1781 2019; x_wconf 79' lang='grc' dir='ltr'>ε’νι-</span> <span class='ocrx_word' id='word_1_342' title='bbox 1795 1996 1881 2036; x_wconf 76' lang='lat'>590</span> 
     </span>
     <span class='ocr_line' id='line_1_30' title="bbox 264 2049 1782 2096; baseline 0.002 -15"><span class='ocrx_word' id='word_1_343' title='bbox 264 2049 366 2083; x_wconf 87' lang='grc' dir='ltr'>αυτὸς</span> <span class='ocrx_word' id='word_1_344' title='bbox 395 2049 478 2082; x_wconf 88' lang='grc' dir='ltr'>κατὰ</span> <span class='ocrx_word' id='word_1_345' title='bbox 506 2050 566 2083; x_wconf 88' lang='grc' dir='ltr'>τὸν</span> <span class='ocrx_word' id='word_1_346' title='bbox 595 2051 796 2094; x_wconf 88' lang='grc' dir='ltr'>σεληνιακὸν</span> <span class='ocrx_word' id='word_1_347' title='bbox 825 2052 951 2096; x_wconf 89' lang='grc' dir='ltr'>δρόμον</span> <span class='ocrx_word' id='word_1_348' title='bbox 978 2052 1175 2096; x_wconf 85' lang='grc' dir='ltr'>τριακοσίας</span> <span class='ocrx_word' id='word_1_349' title='bbox 1205 2050 1412 2093; x_wconf 82' lang='grc' dir='ltr'>πεντήκοντα</span> <span class='ocrx_word' id='word_1_350' title='bbox 1443 2050 1616 2094; x_wconf 85' lang='grc' dir='ltr'>τέσσαρας</span> <span class='ocrx_word' id='word_1_351' title='bbox 1646 2049 1782 2094; x_wconf 85' lang='grc' dir='ltr'>ἡμέρας.</span> 
     </span>
    </p>

    <p class='ocr_par' dir='ltr' id='par_1_8' title="bbox 261 2109 1810 2300">
     <span class='ocr_line' id='line_1_31' title="bbox 263 2109 1782 2159; baseline 0.005 -17"><span class='ocrx_word' id='word_1_352' title='bbox 263 2110 316 2143; x_wconf 82' lang='grc' dir='ltr'>καὶ</span> <span class='ocrx_word' id='word_1_353' title='bbox 343 2111 404 2146; x_wconf 88' lang='grc' dir='ltr'>τὰς</span> <span class='ocrx_word' id='word_1_354' title='bbox 431 2112 492 2155; x_wconf 82' lang='grc' dir='ltr'>μὲν</span> <span class='ocrx_word' id='word_1_355' title='bbox 518 2109 580 2146; x_wconf 59' lang='grc' dir='ltr'>Ῑςδ’</span> <span class='ocrx_word' id='word_1_356' title='bbox 607 2112 730 2158; x_wconf 82' lang='grc' dir='ltr'>ἡμέρας</span> <span class='ocrx_word' id='word_1_357' title='bbox 758 2114 899 2148; x_wconf 84' lang='grc' dir='ltr'>ἐκάλουν</span> <span class='ocrx_word' id='word_1_358' title='bbox 927 2115 958 2148; x_wconf 82' lang='grc' dir='ltr'>οἱ</span> <span class='ocrx_word' id='word_1_359' title='bbox 985 2113 1156 2157; x_wconf 80' lang='grc' dir='ltr'>Ἀθηναῖοι</span> <span class='ocrx_word' id='word_1_360' title='bbox 1184 2114 1414 2159; x_wconf 78' lang='grc' dir='ltr'>ἀρχαιρεσίας·</span> <span class='ocrx_word' id='word_1_361' title='bbox 1449 2115 1483 2147; x_wconf 82' lang='grc' dir='ltr'>ἐν</span> <span class='ocrx_word' id='word_1_362' title='bbox 1511 2111 1562 2148; x_wconf 77' lang='grc' dir='ltr'>αἷς</span> <span class='ocrx_word' id='word_1_363' title='bbox 1590 2113 1736 2159; x_wconf 75' lang='grc' dir='ltr'>ἄναρχος</span> <span class='ocrx_word' id='word_1_364' title='bbox 1763 2115 1782 2159; x_wconf 85' lang='grc' dir='ltr'>ἡ</span> 
     </span>
     <span class='ocr_line' id='line_1_32' title="bbox 261 2172 1810 2223; baseline 0.004 -17"><span class='ocrx_word' id='word_1_365' title='bbox 261 2172 394 2217; x_wconf 85' lang='grc' dir='ltr'>Ἀττικὴ</span> <span class='ocrx_word' id='word_1_366' title='bbox 420 2173 470 2217; x_wconf 79' lang='grc' dir='ltr'>ἦν.</span> <span class='ocrx_word' id='word_1_367' title='bbox 511 2176 546 2208; x_wconf 83' lang='grc' dir='ltr'>ἐν</span> <span class='ocrx_word' id='word_1_368' title='bbox 571 2175 707 2211; x_wconf 83' lang='grc' dir='ltr'>ταύταις</span> <span class='ocrx_word' id='word_1_369' title='bbox 734 2178 994 2222; x_wconf 88' lang='grc' dir='ltr'>προεβάλλοντο</span> <span class='ocrx_word' id='word_1_370' title='bbox 1020 2177 1100 2212; x_wconf 84' lang='grc' dir='ltr'>τοὺς</span> <span class='ocrx_word' id='word_1_371' title='bbox 1128 2177 1306 2223; x_wconf 65' lang='grc' dir='ltr'>ἄρχοντας.</span> <span class='ocrx_word' id='word_1_372' title='bbox 1346 2176 1452 2222; x_wconf 77' lang='grc' dir='ltr'>ἦρχον</span> <span class='ocrx_word' id='word_1_373' title='bbox 1475 2176 1534 2210; x_wconf 72' lang='grc' dir='ltr'>οὖν</span> <span class='ocrx_word' id='word_1_374' title='bbox 1559 2178 1590 2210; x_wconf 81' lang='grc' dir='ltr'>οἱ</span> <span class='ocrx_word' id='word_1_375' title='bbox 1618 2180 1810 2219; x_wconf 87' lang='grc' dir='ltr'>πεντακό-5</span> 
     </span>
     <span class='ocr_line' id='line_1_33' title="bbox 262 2238 1779 2300; baseline 0.004 -31"><span class='ocrx_word' id='word_1_376' title='bbox 262 2249 332 2269; x_wconf 90' lang='grc' dir='ltr'>σιοι</span> <span class='ocrx_word' id='word_1_377' title='bbox 359 2238 419 2272; x_wconf 83' lang='grc' dir='ltr'>τὰς</span> <span class='ocrx_word' id='word_1_378' title='bbox 444 2238 640 2283; x_wconf 85' lang='grc' dir='ltr'>τριακοσίας</span> <span class='ocrx_word' id='word_1_379' title='bbox 667 2239 873 2283; x_wconf 73' lang='grc' dir='ltr'>πεντήκοντα</span> <span class='ocrx_word' id='word_1_380' title='bbox 900 2239 1033 2284; x_wconf 79' lang='grc' dir='ltr'>ἡμέρας.</span> <span class='ocrx_word' id='word_1_381' title='bbox 1072 2238 1150 2273; x_wconf 75' lang='grc' dir='ltr'>ἀλλ’</span> <span class='ocrx_word' id='word_1_382' title='bbox 1171 2240 1284 2300; x_wconf 40' lang='grc' dir='ltr'>ἐπειδὴ</span> <span class='ocrx_word' id='word_1_383' title='bbox 1308 2240 1435 2272; x_wconf 86' lang='grc' dir='ltr'>πολλοὶ</span> <span class='ocrx_word' id='word_1_384' title='bbox 1462 2238 1549 2283; x_wconf 82' lang='grc' dir='ltr'>ἦσαν</span> <span class='ocrx_word' id='word_1_385' title='bbox 1573 2241 1628 2273; x_wconf 82' lang='grc' dir='ltr'>καὶ</span> <span class='ocrx_word' id='word_1_386' title='bbox 1653 2240 1779 2285; x_wconf 88' lang='grc' dir='ltr'>δυσχε-</span> 
     </span>
    </p>

    <p class='ocr_par' dir='ltr' id='par_1_9' title="bbox 259 2302 1778 2348">
     <span class='ocr_line' id='line_1_34' title="bbox 259 2302 1778 2348; baseline 0.004 -15"><span class='ocrx_word' id='word_1_387' title='bbox 259 2303 326 2344; x_wconf 86' lang='grc' dir='ltr'>ρῶς</span> <span class='ocrx_word' id='word_1_388' title='bbox 354 2302 454 2343; x_wconf 70' lang='grc' dir='ltr'>ἤνυον</span> <span class='ocrx_word' id='word_1_389' title='bbox 481 2302 523 2334; x_wconf 86' lang='grc' dir='ltr'>τὰ</span> <span class='ocrx_word' id='word_1_390' title='bbox 553 2302 746 2347; x_wconf 84' lang='grc' dir='ltr'>πράγματα,</span> <span class='ocrx_word' id='word_1_391' title='bbox 777 2303 906 2336; x_wconf 80' lang='grc' dir='ltr'>διεῖλον</span> <span class='ocrx_word' id='word_1_392' title='bbox 934 2302 1072 2338; x_wconf 81' lang='grc' dir='ltr'>ἑαυτοὺς</span> <span class='ocrx_word' id='word_1_393' title='bbox 1100 2303 1147 2338; x_wconf 86' lang='grc' dir='ltr'>εἷς</span> <span class='ocrx_word' id='word_1_394' title='bbox 1175 2302 1253 2336; x_wconf 84' lang='grc' dir='ltr'>δέκα</span> <span class='ocrx_word' id='word_1_395' title='bbox 1284 2302 1422 2347; x_wconf 84' lang='grc' dir='ltr'>μερίδας</span> <span class='ocrx_word' id='word_1_396' title='bbox 1451 2303 1534 2336; x_wconf 86' lang='grc' dir='ltr'>κατὰ</span> <span class='ocrx_word' id='word_1_397' title='bbox 1563 2303 1622 2338; x_wconf 83' lang='grc' dir='ltr'>τὰς</span> <span class='ocrx_word' id='word_1_398' title='bbox 1650 2304 1778 2348; x_wconf 77' lang='grc' dir='ltr'>φυλὰς,</span> 
     </span>
    </p>

    <p class='ocr_par' dir='ltr' id='par_1_10' title="bbox 259 2358 1832 2476">
     <span class='ocr_line' id='line_1_35' title="bbox 259 2358 1832 2411; baseline 0.004 -15"><span class='ocrx_word' id='word_1_399' title='bbox 259 2358 322 2397; x_wconf 75' lang='grc' dir='ltr'>ἀνὰ</span> <span class='ocrx_word' id='word_1_400' title='bbox 346 2363 564 2407; x_wconf 82' lang='grc' dir='ltr'>πεντήκοντα·</span> <span class='ocrx_word' id='word_1_401' title='bbox 598 2362 807 2401; x_wconf 82' lang='grc' dir='ltr'>Ῑτοσούτους</span> <span class='ocrx_word' id='word_1_402' title='bbox 829 2367 895 2411; x_wconf 77' lang='grc' dir='ltr'>γὰρ</span> <span class='ocrx_word' id='word_1_403' title='bbox 917 2366 1042 2409; x_wconf 86' lang='grc' dir='ltr'>ἑκάστη</span> <span class='ocrx_word' id='word_1_404' title='bbox 1069 2367 1164 2410; x_wconf 86' lang='grc' dir='ltr'>φυλὴ</span> <span class='ocrx_word' id='word_1_405' title='bbox 1189 2367 1441 2410; x_wconf 86' lang='grc' dir='ltr'>προεβάλλετο.</span> <span class='ocrx_word' id='word_1_406' title='bbox 1481 2365 1572 2399; x_wconf 79' lang='grc' dir='ltr'>ὥστε</span> <span class='ocrx_word' id='word_1_407' title='bbox 1599 2367 1778 2407; x_wconf 88' lang='grc' dir='ltr'>συνέβαινε</span> <span class='ocrx_word' id='word_1_408' title='bbox 1795 2381 1832 2402; x_wconf 85' lang='grc' dir='ltr'>ῐο</span> 
     </span>
     <span class='ocr_line' id='line_1_36' title="bbox 259 2427 1778 2476; baseline 0.003 -16"><span class='ocrx_word' id='word_1_409' title='bbox 259 2427 339 2462; x_wconf 79' lang='grc' dir='ltr'>τοὺς</span> <span class='ocrx_word' id='word_1_410' title='bbox 366 2427 571 2471; x_wconf 76' lang='grc' dir='ltr'>πεντήκοντα</span> <span class='ocrx_word' id='word_1_411' title='bbox 598 2428 715 2474; x_wconf 74' lang='grc' dir='ltr'>ι’ίρχειν</span> <span class='ocrx_word' id='word_1_412' title='bbox 739 2432 805 2462; x_wconf 87' lang='grc' dir='ltr'>τῶν</span> <span class='ocrx_word' id='word_1_413' title='bbox 829 2429 945 2463; x_wconf 80' lang='grc' dir='ltr'>ι’ίλλων</span> <span class='ocrx_word' id='word_1_414' title='bbox 972 2429 1033 2462; x_wconf 82' lang='grc' dir='ltr'>ἀνὰ</span> <span class='ocrx_word' id='word_1_415' title='bbox 1056 2431 1235 2475; x_wconf 81' lang='grc' dir='ltr'>τριάκοντα</span> <span class='ocrx_word' id='word_1_416' title='bbox 1256 2430 1398 2462; x_wconf 73' lang='grc' dir='ltr'>ιηπέντε</span> <span class='ocrx_word' id='word_1_417' title='bbox 1423 2429 1558 2474; x_wconf 85' lang='grc' dir='ltr'>ἡμέρας.</span> <span class='ocrx_word' id='word_1_418' title='bbox 1596 2428 1694 2463; x_wconf 74' lang='grc' dir='ltr'>αὗται</span> <span class='ocrx_word' id='word_1_419' title='bbox 1712 2431 1778 2476; x_wconf 84' lang='grc' dir='ltr'>γὰρ</span> 
     </span>
    </p>

    <p class='ocr_par' dir='ltr' id='par_1_11' title="bbox 258 2491 1778 2539">
     <span class='ocr_line' id='line_1_37' title="bbox 258 2491 1778 2539; baseline 0.003 -15"><span class='ocrx_word' id='word_1_420' title='bbox 258 2492 292 2524; x_wconf 79' lang='grc' dir='ltr'>αἱ</span> <span class='ocrx_word' id='word_1_421' title='bbox 324 2491 502 2536; x_wconf 79' lang='grc' dir='ltr'>τριάκοντα</span> <span class='ocrx_word' id='word_1_422' title='bbox 539 2493 637 2526; x_wconf 83' lang='grc' dir='ltr'>πέντε</span> <span class='ocrx_word' id='word_1_423' title='bbox 676 2492 792 2538; x_wconf 80' lang='grc' dir='ltr'>ἡμέραι</span> <span class='ocrx_word' id='word_1_424' title='bbox 831 2493 899 2526; x_wconf 78' lang='grc' dir='ltr'>εἶσὶ</span> <span class='ocrx_word' id='word_1_425' title='bbox 931 2494 971 2526; x_wconf 85' lang='grc' dir='ltr'>τὸ</span> <span class='ocrx_word' id='word_1_426' title='bbox 1006 2499 1023 2517; x_wconf 81' lang='lat'>¹¹</span> <span class='ocrx_word' id='word_1_427' title='bbox 1039 2493 1178 2527; x_wconf 84' lang='grc' dir='ltr'>δέκατον</span> <span class='ocrx_word' id='word_1_428' title='bbox 1214 2493 1313 2539; x_wconf 78' lang='grc' dir='ltr'>μέρος</span> <span class='ocrx_word' id='word_1_429' title='bbox 1348 2496 1409 2526; x_wconf 84' lang='grc' dir='ltr'>τοῦ</span> <span class='ocrx_word' id='word_1_430' title='bbox 1444 2493 1608 2527; x_wconf 81' lang='grc' dir='ltr'>ἐνιαυτοῦ·</span> <span class='ocrx_word' id='word_1_431' title='bbox 1649 2494 1778 2529; x_wconf 82' lang='grc' dir='ltr'>δεκάκις</span> 
     </span>
    </p>
   </div>
   <div class='ocr_carea' id='block_1_3' title="bbox 257 2555 1776 2601">
    <p class='ocr_par' dir='ltr' id='par_1_12' title="bbox 257 2555 1776 2601">
     <span class='ocr_line' id='line_1_38' title="bbox 257 2555 1776 2601; baseline 0.003 -14"><span class='ocrx_word' id='word_1_432' title='bbox 257 2555 324 2600; x_wconf 89' lang='grc' dir='ltr'>γὰρ</span> <span class='ocrx_word' id='word_1_433' title='bbox 353 2556 531 2599; x_wconf 79' lang='grc' dir='ltr'>τριάκοντα</span> <span class='ocrx_word' id='word_1_434' title='bbox 563 2558 753 2600; x_wconf 79' lang='grc' dir='ltr'>τριακόσια,</span> <span class='ocrx_word' id='word_1_435' title='bbox 785 2558 941 2593; x_wconf 85' lang='grc' dir='ltr'>πεντάκις</span> <span class='ocrx_word' id='word_1_436' title='bbox 973 2558 1051 2592; x_wconf 87' lang='grc' dir='ltr'>δέκα</span> <span class='ocrx_word' id='word_1_437' title='bbox 1083 2557 1301 2601; x_wconf 82' lang='grc' dir='ltr'>πεντήκοντα.</span> <span class='ocrx_word' id='word_1_438' title='bbox 1351 2557 1430 2591; x_wconf 78' lang='grc' dir='ltr'>ἀλλ’</span> <span class='ocrx_word' id='word_1_439' title='bbox 1462 2558 1576 2601; x_wconf 84' lang='grc' dir='ltr'>ἐπειδὴ</span> <span class='ocrx_word' id='word_1_440' title='bbox 1608 2559 1711 2592; x_wconf 84' lang='grc' dir='ltr'>πάλιν</span> <span class='ocrx_word' id='word_1_441' title='bbox 1743 2560 1776 2592; x_wconf 77' lang='grc' dir='ltr'>οἱ</span> 
     </span>
    </p>
   </div>
   <div class='ocr_carea' id='block_1_4' title="bbox 253 2665 1772 2925">
    <p class='ocr_par' dir='ltr' id='par_1_13' title="bbox 253 2665 1772 2925">
     <span class='ocr_line' id='line_1_39' title="bbox 312 2665 1772 2712; baseline 0.003 -13"><span class='ocrx_word' id='word_1_442' title='bbox 312 2670 328 2690; x_wconf 72' lang='lat'>0</span> <span class='ocrx_word' id='word_1_443' title='bbox 349 2667 380 2699; x_wconf 84' lang='grc' dir='ltr'>οἱ</span> <span class='ocrx_word' id='word_1_444' title='bbox 400 2666 557 2700; x_wconf 82' lang='lat' dir='ltr'><strong>Jurinus.</strong></span> <span class='ocrx_word' id='word_1_445' title='bbox 588 2667 640 2700; x_wconf 77' lang='grc' dir='ltr'>καὶ</span> <span class='ocrx_word' id='word_1_446' title='bbox 659 2667 777 2712; x_wconf 80' lang='lat' dir='ltr'><strong>vulgo.</strong></span> <span class='ocrx_word' id='word_1_447' title='bbox 846 2665 861 2691; x_wconf 83' lang='lat' dir='ltr'>f</span> <span class='ocrx_word' id='word_1_448' title='bbox 877 2669 929 2701; x_wconf 76' lang='grc' dir='ltr'>καὶ</span> <span class='ocrx_word' id='word_1_449' title='bbox 950 2669 1138 2702; x_wconf 85' lang='grc' dir='ltr'>δωδέκατον</span> <span class='ocrx_word' id='word_1_450' title='bbox 1157 2670 1290 2703; x_wconf 80' lang='lat' dir='ltr'><strong>addidit</strong></span> <span class='ocrx_word' id='word_1_451' title='bbox 1311 2670 1332 2703; x_wconf 88' lang='lat' dir='ltr'>J</span> <span class='ocrx_word' id='word_1_452' title='bbox 1337 2670 1468 2703; x_wconf 83' lang='lat' dir='ltr'>urinus.</span> <span class='ocrx_word' id='word_1_453' title='bbox 1544 2675 1565 2703; x_wconf 69' lang='grc' dir='ltr'>ἕ</span> <span class='ocrx_word' id='word_1_454' title='bbox 1585 2670 1772 2704; x_wconf 83' lang='grc' dir='ltr'>δωδέκατον</span> 
     </span>
     <span class='ocr_line' id='line_1_40' title="bbox 258 2718 1767 2767; baseline 0.003 -16"><span class='ocrx_word' id='word_1_455' title='bbox 258 2718 464 2752; x_wconf 78' lang='lat' dir='ltr'>Felicianus.</span> <span class='ocrx_word' id='word_1_456' title='bbox 495 2719 621 2753; x_wconf 84' lang='grc' dir='ltr'>δώδεκα</span> <span class='ocrx_word' id='word_1_457' title='bbox 642 2720 758 2765; x_wconf 80' lang='lat' dir='ltr'><strong>vulgo.</strong></span> <span class='ocrx_word' id='word_1_458' title='bbox 900 2718 919 2744; x_wconf 71' lang='lat'>¹¹</span> <span class='ocrx_word' id='word_1_459' title='bbox 938 2720 1006 2754; x_wconf 79' lang='grc' dir='ltr'>δύω</span> <span class='ocrx_word' id='word_1_460' title='bbox 1028 2723 1096 2764; x_wconf 85' lang='lat' dir='ltr'>(vel</span> <span class='ocrx_word' id='word_1_461' title='bbox 1117 2721 1191 2765; x_wconf 82' lang='grc' dir='ltr'>δύο)</span> <span class='ocrx_word' id='word_1_462' title='bbox 1214 2722 1373 2755; x_wconf 55' lang='lat' dir='ltr'>XVolfius.</span> <span class='ocrx_word' id='word_1_463' title='bbox 1410 2723 1608 2767; x_wconf 81' lang='lat' dir='ltr'>Legebatur</span> <span class='ocrx_word' id='word_1_464' title='bbox 1627 2723 1767 2757; x_wconf 85' lang='grc' dir='ltr'>δώδεκα.</span> 
     </span>
     <span class='ocr_line' id='line_1_41' title="bbox 256 2767 1767 2820; baseline 0.003 -16"><span class='ocrx_word' id='word_1_465' title='bbox 256 2767 265 2794; x_wconf 73' lang='lat' dir='ltr'><strong>i</strong></span> <span class='ocrx_word' id='word_1_466' title='bbox 289 2771 436 2815; x_wconf 87' lang='grc' dir='ltr'>τριετίαν</span> <span class='ocrx_word' id='word_1_467' title='bbox 457 2772 662 2805; x_wconf 72' lang='lat' dir='ltr'>Schaeferus.</span> <span class='ocrx_word' id='word_1_468' title='bbox 693 2770 858 2816; x_wconf 82' lang='grc' dir='ltr'>τριετείιιν</span> <span class='ocrx_word' id='word_1_469' title='bbox 878 2773 931 2806; x_wconf 74' lang='lat' dir='ltr'>vel</span> <span class='ocrx_word' id='word_1_470' title='bbox 950 2776 1114 2817; x_wconf 85' lang='grc' dir='ltr'>τριέτειαν</span> <span class='ocrx_word' id='word_1_471' title='bbox 1133 2775 1252 2820; x_wconf 83' lang='lat' dir='ltr'>vulgo.</span> <span class='ocrx_word' id='word_1_472' title='bbox 1364 2771 1384 2798; x_wconf 77' lang='lat' dir='ltr'>k</span> <span class='ocrx_word' id='word_1_473' title='bbox 1405 2775 1451 2820; x_wconf 70' lang='grc' dir='ltr'>δ’]</span> <span class='ocrx_word' id='word_1_474' title='bbox 1478 2775 1676 2820; x_wconf 76' lang='lat' dir='ltr'><strong>Legebatur</strong></span> <span class='ocrx_word' id='word_1_475' title='bbox 1695 2774 1767 2809; x_wconf 77' lang='grc' dir='ltr'>δύο.</span> 
     </span>
     <span class='ocr_line' id='line_1_42' title="bbox 256 2823 1768 2870; baseline 0.003 -14"><span class='ocrx_word' id='word_1_476' title='bbox 256 2823 462 2857; x_wconf 81' lang='lat' dir='ltr'>Correctmn</span> <span class='ocrx_word' id='word_1_477' title='bbox 483 2837 524 2858; x_wconf 78' lang='lat' dir='ltr'>ex</span> <span class='ocrx_word' id='word_1_478' title='bbox 546 2825 621 2858; x_wconf 84' lang='lat' dir='ltr'><strong>cod.</strong></span> <span class='ocrx_word' id='word_1_479' title='bbox 647 2825 746 2858; x_wconf 84' lang='lat' dir='ltr'><strong>Bodl.</strong></span> <span class='ocrx_word' id='word_1_480' title='bbox 770 2826 862 2869; x_wconf 74' lang='lat' dir='ltr'><strong>apud</strong></span> <span class='ocrx_word' id='word_1_481' title='bbox 882 2826 1080 2870; x_wconf 76' lang='lat' dir='ltr'>Taylornm.</span> <span class='ocrx_word' id='word_1_482' title='bbox 1227 2824 1236 2851; x_wconf 93' lang='lat' dir='ltr'><strong>l</strong></span> <span class='ocrx_word' id='word_1_483' title='bbox 1256 2825 1444 2862; x_wconf 79' lang='grc' dir='ltr'>τοσούτους</span> <span class='ocrx_word' id='word_1_484' title='bbox 1466 2828 1660 2862; x_wconf 77' lang='lat' dir='ltr'>Bekkerns.</span> <span class='ocrx_word' id='word_1_485' title='bbox 1690 2826 1768 2861; x_wconf 80' lang='grc' dir='ltr'>τού-</span> 
     </span>
     <span class='ocr_line' id='line_1_43' title="bbox 253 2877 1768 2925; baseline 0.003 -17"><span class='ocrx_word' id='word_1_486' title='bbox 253 2889 334 2910; x_wconf 83' lang='grc' dir='ltr'>τους</span> <span class='ocrx_word' id='word_1_487' title='bbox 352 2877 469 2921; x_wconf 82' lang='lat' dir='ltr'><strong>vulgO.</strong></span> <span class='ocrx_word' id='word_1_488' title='bbox 591 2883 620 2901; x_wconf 79' lang='lat'>1¹¹</span> <span class='ocrx_word' id='word_1_489' title='bbox 641 2878 739 2910; x_wconf 79' lang='grc' dir='ltr'>πέντε</span> <span class='ocrx_word' id='word_1_490' title='bbox 761 2878 917 2911; x_wconf 80' lang='lat' dir='ltr'><strong>additum</strong></span> <span class='ocrx_word' id='word_1_491' title='bbox 939 2878 973 2911; x_wconf 85' lang='lat' dir='ltr'>in</span> <span class='ocrx_word' id='word_1_492' title='bbox 994 2879 1047 2912; x_wconf 85' lang='lat' dir='ltr'>ed.</span> <span class='ocrx_word' id='word_1_493' title='bbox 1071 2879 1294 2925; x_wconf 70' lang='lat' dir='ltr'>Hvrvagiana</span> <span class='ocrx_word' id='word_1_494' title='bbox 1314 2881 1477 2914; x_wconf 68' lang='lat' dir='ltr'><strong>secunda.</strong></span> <span class='ocrx_word' id='word_1_495' title='bbox 1590 2886 1609 2904; x_wconf 85' lang='lat'>¹¹</span> <span class='ocrx_word' id='word_1_496' title='bbox 1629 2881 1768 2914; x_wconf 81' lang='grc' dir='ltr'>δέκατον</span> 
     </span>
    </p>
   </div>
   <div class='ocr_carea' id='block_1_5' title="bbox 255 2927 921 2975">
    <p class='ocr_par' dir='ltr' id='par_1_14' title="bbox 255 2927 921 2975">
     <span class='ocr_line' id='line_1_44' title="bbox 255 2927 921 2975; baseline 0.005 -15"><span class='ocrx_word' id='word_1_497' title='bbox 255 2927 463 2963; x_wconf 79' lang='lat' dir='ltr'>Felicianus.</span> <span class='ocrx_word' id='word_1_498' title='bbox 506 2930 704 2975; x_wconf 76' lang='lat' dir='ltr'>chcbatur</span> <span class='ocrx_word' id='word_1_499' title='bbox 723 2930 921 2964; x_wconf 79' lang='grc' dir='ltr'>δωδέκατον.</span> 
     </span>
    </p>
   </div>
   <div class='ocr_carea' id='block_1_6' title="bbox 1907 1616 1954 3273">
    <p class='ocr_par' dir='ltr' id='par_1_15' title="bbox 1907 1616 1954 3273">
     <span class='ocr_line' id='line_1_45' title="bbox 1907 1616 1954 3273; baseline 0 0"><span class='ocrx_word' id='word_1_500' title='bbox 1907 1616 1954 3273; x_wconf 95' lang='lat' dir='ltr'> </span> 
     </span>
    </p>
   </div>
  </div>
 </body>
</html>
