1954 3273
112 171 267 224 —684,
283 189 336 214 ιι.
682 177 825 215 ΚΑΤΑ
858 176 1314 215 ΑΡΙΣΤΟΚΡΑΤΟΎΣ.
1674 176 1758 218 717

235 285 350 355 φυὲς
376 286 701 352 ἰπεισομένους
739 289 870 352 ὑμᾶς,
897 287 938 338 εἴ
962 288 1044 338 τιν’
1071 285 1322 351 ἠδικηκότα
1359 286 1525 338 πολλὰ
1564 285 1754 355 ι(ἠφίετε
1770 315 1810 336 20

236 373 312 422 καὶ
351 369 720 438 ιπρούκαλεῖσθέ
750 378 834 423 ωτι
871 377 954 422 τοῦ
1000 376 1171 422 λοιποῦ
1211 375 1358 422 ποιεῖν
1398 372 1515 434 ὑμᾶς
1557 369 1753 436 ἀγαθόν·

235 457 283 506 ἐν
317 454 410 522 γὰρ
447 461 513 525 τῷ
545 457 748 521 πολίτην
787 457 1022 507 ποιεῖσθαι
1061 456 1138 505 καὶ
1174 458 1444 523 στεφανοῦν
1483 455 1610 505 ταῦτ’
1648 455 1754 518 ε’νῆν

141 550 220 590 226
235 538 494 607 ἀμφότερα.
536 538 690 603 ἐπειδὴ
725 540 763 590 δ’
792 540 886 605 ὁρῶ
912 536 1533 605 Ππροσκατασκευαζόμενόν
1568 559 1614 587 τι
1650 559 1747 587 τοι-

234 628 384 685 οῦτον,
413 624 467 674 δι’
497 623 564 685 οῦ,
591 623 676 674 Οοῖν
700 622 843 687 μόνον
869 623 1197 689 εὐτρεπίσηται
1225 620 1332 675 τοὺς
1371 619 1532 672 ἐνθάδε
1567 620 1748 689 ἐξαπα-
1769 640 1805 671 25

234 703 468 768 τήσοντας
492 707 640 769 Ρὺμᾶς
674 704 788 772 ὑπὲρ
814 706 970 767 αὑτοῦ,
997 709 1091 755 τῶν
1116 705 1159 771 γ’
1189 704 1218 755 ἕ
1245 728 1280 754 ω
1317 705 1475 773 φίλων
1502 706 1605 754 (1καῖ
1633 709 1748 763 βου-

232 789 444 851 λομένων
471 790 528 840 ἄν
551 813 596 840 τι
628 794 775 842 ποιεῖν
803 791 920 853 ὑμᾶς
947 787 1128 854 ἀγαθὸν
1154 790 1365 839 κάκεῖνον
1391 787 1589 839 κωλύειν
1616 790 1752 838 ἐναν-

231 873 307 922 τία
344 872 565 939 πράττειν
600 875 719 937 ὑμῖν,
747 872 843 924 οἷον
870 871 1200 939 Ἀθηνόδωρον
1233 872 1370 938 λέγω,
1400 873 1606 935 Σίμωνα,
1633 871 1749 922 Βιά-

234 978 364 1022 νορα,
405 958 658 1024 Ἀρχέβιον
701 956 783 1008 τὸν
825 956 1095 1024 Βυζάντιον,
1135 954 1241 1009 τοὺς
1282 959 1478 1024 Θρᾷκας
1515 953 1622 1009 τοὺς
1657 956 1754 1019 δύο,

230 1039 338 1093 τοὺς
375 1040 653 1104 Γβασιλέας,
689 1040 867 1091 τούτων
905 1047 920 1067 ³
938 1041 1099 1105 μηδενὶ
1134 1038 1242 1104 μήτ’
1271 1041 1602 1104 ἐναντιωθῆναι
1635 1039 1751 1104 μήτε
1767 1052 1852 1104 684

135 1143 213 1185 227
232 1123 429 1174 κωλύειν
470 1126 643 1175 ἐκεῖνον
687 1124 889 1193 ἐξέσται,
933 1128 1170 1188 τηνικαῦθ’
1216 1125 1313 1189 ἥκω
1365 1127 1440 1175 καὶ
1485 1129 1748 1191 κατηγορῶ.

228 1209 305 1257 καὶ
350 1207 519 1273 νομίζω
562 1206 617 1258 τὸ
660 1207 758 1272 μὲν,
809 1207 878 1262 οἷς
925 1208 1125 1271 ε”μελλεν
1169 1209 1340 1262 ἐκεῖνος
1390 1206 1556 1269 λαβών
1606 1208 1750 1273 μηδὲν

227 1290 534 1357 ὑπερμέγεθες
568 1290 654 1356 τὴν
678 1290 821 1342 πόλιν
847 1290 1074 1360 βλάψειν,
1103 1293 1365 1357 ἀντιλέγειν
1398 1290 1426 1356 ἢ
1461 1296 1614 1345 κακῶς
1656 1293 1782 1360 ἱδίᾳε

222 1373 515 1429 πεπονθότος
552 1374 582 1440 ἢ
617 1378 1031 1444 συκοφαντοῦντος
1070 1374 1197 1438 εἶναι,
1233 1374 1287 1427 τὸ
1327 1377 1382 1439 δ’,
1420 1376 1492 1444 ἐφ’
1521 1375 1588 1429 οἶς
1625 1376 1752 1442 μέγα

222 1464 426 1526 πρᾶγμα
451 1459 730 1514 ἀλυσιτελὲς
756 1464 814 1528 τῇ
843 1459 984 1512 πόλει
1017 1458 1392 1526 κατεσκευάζετο,
1419 1460 1746 1511 ἐναντιοῦσθαι

222 1549 435 1611 χρηστοῦ
473 1545 549 1594 καὶ
586 1542 902 1612 φιλοπόλιδος
946 1544 1115 1610 ἀνδρὸς
1154 1543 1293 1611 ἔργον
1332 1542 1459 1596 εἶναι.
1500 1542 1574 1595 διὰ
1614 1545 1741 1595 ταῦτ’

222 1628 290 1679 ἐπ’
318 1628 503 1682 ἐκείνοις
530 1627 661 1679 οὐδὲν
688 1625 829 1678 εἷπῶν
857 1633 938 1678 νῦν
964 1627 1105 1694 λέγω.

129 1719 209 1761 228
287 1711 437 1763 ’Έστι
473 1712 628 1763 τοίνυν
654 1734 724 1766 τις
748 1712 904 1765 αὐτοῖς
937 1717 1145 1766 τοιοῦτος
1180 1709 1337 1778 λόγος,
1364 1714 1422 1762 δι’
1451 1713 1505 1763 οῦ
1530 1715 1740 1779 προσδο-
1758 1739 1795 1761 10

222 1800 342 1847 κῶσι
375 1795 605 1865 παράξειν
631 1797 763 1861 ὑμᾶς,
789 1798 851 1850 ὡς
878 1797 903 1847 ὁ
936 1796 1314 1863 Κερσοβλέπτης
1352 1797 1428 1846 καὶ
1464 1797 1739 1862 Χαρίδημος

218 1877 336 1932 ἴσως
374 1879 542 1929 ἐναντί’
572 1878 802 1945 ἔπραττον
827 1882 885 1946 τῇ
911 1877 1048 1929 πόλει
1081 1877 1179 1930 τόθ’
1209 1878 1273 1930 ὅτ’
1302 1877 1430 1942 ἦσαν
1455 1881 1628 1946 ἐχθροὶ,
1657 1885 1739 1931 νῦν

218 1961 298 2014 ῐδὲ
324 1963 459 2031 φίλοι
494 1965 571 2013 καὶ
604 1963 868 2030 χρησίμους
905 1962 1196 2030 παρέχουσιν
1219 1970 1242 1989 ¹¹
1260 1962 1464 2017 ἑαυτούς.
1508 1964 1560 2014 οὐ
1588 1962 1644 2028 δὴ
1671 1967 1744 2015 δεῖ

217 2050 537 2109 μνησικακεῖν·
580 2045 684 2096 οὐδὲ
718 2044 812 2112 γὰρ
852 2046 1243 2110 Λακεδαιμονίους
1282 2045 1345 2098 ὅτ’
1372 2045 1620 2112 ἐσώζομεν,
1654 2047 1737 2099 οὐκ
1755 2075 1764 2095 ι
1772 2075 1790 2106 5

217 2128 659 2195 ἀνεμιμνησκόμεθα
674 2129 717 2181 εἴ
731 2153 775 2180 τι
793 2134 975 2184 Χκακῶς
994 2131 1223 2195 ἐποίησαν
1243 2130 1394 2195 Ῡήμᾶς
1413 2130 1543 2185 ὄντες
1564 2132 1737 2198 ἐχθροὶ,

126 2232 205 2276 229
219 2212 322 2265 οὐδὲ
362 2214 617 2278 Θηβαίους,
656 2214 749 2265 οὐδ’
783 2213 993 2275 Εὐβοέας
1029 2212 1091 2265 τὰ
1125 2219 1369 2265 τελευταῖα
1408 2215 1524 2265 νυνί.
1565 2214 1658 2280 ἐγὼ
1695 2216 1734 2266 δ’

216 2297 418 2364 ἠγοῦμαι
458 2303 625 2349 τοῦτον
659 2296 743 2348 τὸν
768 2296 916 2363 λόγον
950 2301 987 2349 εἰ
1011 2297 1097 2362 μὲν
1131 2298 1180 2348 ε”ν
1204 2320 1294 2349 τινι
1333 2302 1491 2367 καιρῷ,
1515 2299 1736 2363 βοηθείας

215 2381 539 2448 γεγραμμένης
563 2384 630 2450 τῷ
660 2381 1011 2451 Κερσοβλέπτῃ
1037 2385 1114 2433 καὶ
1139 2386 1206 2452 τῷ
1232 2382 1508 2453 Χαριδήμῳ,
1526 2382 1733 2435 κωλυόν-
1747 2408 1789 2430 20

215 2488 309 2517 των
334 2466 465 2530 ἡμῶν
489 2472 508 2492 ²
516 2466 703 2531 ταύτην,
730 2466 910 2533 ἔλεγον,
938 2467 1089 2533 ὀρθῶς
1120 2465 1177 2517 ἂν
1203 2467 1450 2534 λέγεσθαι·
1491 2471 1528 2518 εὶ
1556 2466 1605 2518 δὲ
1630 2490 1728 2519 τοι-

270 2588 281 2616 ἱ
300 2592 525 2636 πεισομένους
546 2591 646 2638 ὑμᾶς]
672 2590 758 2635 ὑμᾶς
776 2593 1001 2637 πεισομένους
1020 2592 1048 2626 F
1052 2604 1095 2627 Ν.
1228 2589 1257 2648 &k
1278 2589 1416 2640 ἦφίετε]
1442 2574 1580 2639 ἓφείετε
1601 2593 1636 2628 S.
1660 2594 1693 2638 (η
1714 2606 1735 2628 a

214 2672 267 2706 pr.
287 2672 336 2695 m.
359 2661 624 2707 superscripto.)
654 2649 774 2706 ἒφίετε
790 2662 830 2696 F.
859 2660 980 2707 ἀφίετε
997 2662 1115 2708 vulgo.
1146 2661 1250 2698 Conf.
1263 2676 1335 2698 var.
1347 2665 1429 2699 lect.
1447 2664 1491 2698 ad
1509 2675 1544 2710 p.
1560 2671 1650 2710 540,
1669 2675 1682 2698 1
1697 2675 1732 2700 1.

216 2711 227 2738 l
246 2714 515 2761 προύκαλεῖσθέ]
540 2714 767 2760 προκαλεῖσθε
787 2715 959 2752 F.Y.O.v.
1052 2721 1083 2740 1¹¹
1102 2715 1152 2762 τι]
1176 2717 1225 2750 ἔτι
1246 2717 1322 2752 F.v.
1435 2723 1455 2742 Π
1474 2717 1728 2763 προσκατασκ.]

215 2780 424 2811 προκατασκ.
445 2767 593 2802 A.k.r.s.
695 2772 714 2792 0
734 2765 774 2801 ἂν
796 2768 831 2802 S.
861 2769 918 2802 ἐὰν
936 2769 1054 2815 vulgo.
1155 2775 1174 2803 P
1195 2769 1280 2814 ὑμᾶς
1300 2782 1369 2804 om.
1390 2771 1539 2805 A.k.r.s.
1643 2774 1658 2797 ‘¹
1680 2771 1733 2804 καὶ

216 2830 286 2853 om.
310 2818 354 2853 Ο.
511 2824 523 2841 ¹'
550 2819 733 2866 βασιλέας]
757 2823 916 2862 βασιλεῖς
935 2822 1019 2858 A.S.
1068 2822 1138 2857 Sed
1163 2822 1332 2864 βασιλέας
1351 2835 1474 2858 omnes
1500 2835 1535 2869 p.
1558 2820 1647 2870 677,
1672 2834 1733 2868 14.

217 2876 232 2896 S
251 2871 385 2918 μηδενὶ]
409 2872 512 2915 μηδὲν
532 2873 635 2908 A.r.s.
732 2871 747 2898 t
767 2874 803 2908 δὲ
825 2875 958 2911 S.Y.O.
990 2875 1189 2921 Legebatur
1208 2877 1246 2910 δέ
1264 2875 1297 2922 γ’
1313 2876 1394 2911 εἶσί.
1494 2883 1514 2902 U
1535 2874 1674 2911 ἑαυτούς
1696 2876 1732 2910 S.

217 2923 340 2959 αὑτούς
358 2925 476 2971 vulgo.
599 2931 619 2950 Χ
640 2925 762 2973 κακῶς]
787 2928 886 2962 κακὸν
906 2929 983 2963 F.v.
1108 2935 1127 2962 Y
1146 2928 1246 2975 ἡμᾶς]
1270 2930 1355 2974 ὑμᾶς
1376 2930 1419 2964 Ο.
1551 2934 1568 2953 2
1589 2928 1730 2976 ταύτην]

218 2976 322 3021 ταύτῃ
344 2978 375 3011 Υ
391 2978 437 3013 Ο.
467 2977 558 3013 ταῦτ’
577 2977 618 3013 ἂν
636 2980 777 3014 A.k.r.s.
1190 2978 1193 2979 ⁷
