1954 3273
59 186 217 237 —671,
235 202 284 227 η.
629 193 770 229 KATA
804 191 1261 229 ΑΡιΣΤοΚΡΑΤοτΣ.
1620 190 1703 231 708

184 301 260 349 καὶ
295 302 378 363 τῆς
418 303 690 367 μαρτυρίας.
733 304 809 352 καὶ
846 300 906 352 τὰ
940 300 1024 363 μὲν
1059 305 1225 366 πρῶτα
1258 301 1428 350 τοιαῦτ’
1471 302 1572 349 ἐστὶ
1607 305 1700 350 τῶν
1715 323 1754 343 20

184 382 335 448 ἔργων
360 389 479 434 Ρτῶν
504 384 794 450 Χαριδήμου,
820 383 939 447 μετὰ
973 389 1149 434 Ἷταῦτα
1184 382 1232 433 δὲ
1267 383 1399 433 ἄλλα
1439 382 1695 433 θεάσασθε.

93 482 172 521 180
184 465 356 533 χρόνου
376 468 470 534 γὰρ
495 467 783 521 ῐδιελθόντος
809 470 986 518 καὶτοῦ
1011 467 1224 529 πολέμου
1249 465 1368 531 πρὸς
1392 466 1549 516 Κότυν
1570 466 1704 520 ὄντος

184 549 286 613 ἤδη,
312 551 484 614 πέμπει
520 551 639 617 πρὸς
678 552 795 614 ὑμᾶς
833 549 1094 613 ἐπιστολήν
1124 550 1335 613 (μᾶλλον
1368 552 1405 600 δ’
1435 550 1552 616 ὃούχὶ
1586 548 1705 614 πρὸς

186 635 316 696 ὑμᾶς,
356 634 487 685 ἀλλὰ
523 634 642 700 πρὸς
679 634 1033 703 Κηφισόδοτον·
1076 635 1197 684 οὕτω
1236 632 1410 700 σφόδρ’
1450 633 1524 683 ὑπ’
1563 634 1705 682 αὐτοῦ

184 717 258 781 ἴγε
297 717 390 766 οὐδ’
425 716 482 767 ἂν
518 718 868 785 ἐξαπατηθῆναι
904 717 990 781 τὴν
1024 715 1169 767 πόλιν
1209 717 1380 780 ἡγεῖτο,
1415 715 1639 768 συνειδὼς
1675 714 1753 766 ἃ25

182 799 451 867 πεποίηκεν)
473 801 521 850 ἐν
541 798 570 868 ᾗ
591 799 900 866 Χερρόνησον
927 799 1161 866 ὑπέσχετο
1181 802 1238 865 τῇ
1263 799 1403 850 πόλει
1426 803 1703 861 κομιεῖσθαι,

182 880 339 932 πάντα
376 882 556 936 τούτοις
594 883 803 934 τάναντί’
829 883 1080 948 “ε’γνωκὼς
1117 887 1280 933 ποιεῖν.
1325 886 1395 932 δεῖ
1428 883 1465 932 δ’
1497 883 1612 943 ὑμᾶς
1650 880 1704 932 τὸ

183 967 378 1031 πρᾶγμ’,
405 966 502 1017 οἷον
528 966 599 1030 ἧν,
627 966 681 1017 τὸ
711 969 816 1033 περὶ
850 965 936 1030 τὴν
971 965 1233 1030 ἐπιστολὴν
1258 967 1458 1016 ἀκοῦσαι
1489 966 1585 1029 (καὶ
1610 964 1705 1032 γάρ

185 1051 288 1100 ἐστι
313 1050 491 1118 βραχύ)
522 1054 596 1101 καὶ
624 1054 860 1117 θεωρῆσαι
886 1051 968 1101 τὸν
994 1051 1170 1117 τρόπον
1194 1050 1487 1116 τάνθρώπου,
1510 1053 1570 1102 ὡς
1598 1051 1702 1112 ὑμῖν
1716 1060 1791 1111 671

96 1143 168 1182 181
186 1134 264 1183 ἀπ’
293 1135 440 1200 ἀρχῆς
479 1134 710 1201 κέχρηται.
751 1136 918 1186 ἐκεῖνος
946 1137 1008 1187 ὡς
1034 1133 1302 1198 ἀπόμισθος
1327 1135 1536 1199 γίγνεται
1574 1132 1705 1198 παρὰ

185 1222 268 1265 τοῦ
304 1217 538 1279 Τιμοθεόυ
577 1216 696 1279 τότε,
736 1219 814 1268 ἀπ’
854 1216 1196 1284 Ἀμφιπόλεως
1235 1220 1506 1283 ἀναχωρῶν,
1537 1215 1704 1277 διαβὰς

184 1301 245 1351 εἷς
284 1298 370 1362 τὴν
405 1299 592 1360 Ἀσίαν,
621 1299 696 1349 διὰ
729 1299 815 1363 τὴν
851 1300 1106 1369 σύλληψιν
1144 1300 1231 1365 τὴν
1264 1299 1545 1368 Ἀρταβάζῳ
1572 1323 1698 1361 συμ-

183 1383 346 1438 βᾶσαι)
384 1378 488 1430 τότε
535 1382 608 1430 ὑπ’
652 1380 1027 1449 Αὐτοφραδάτου
1065 1387 1265 1446 Χμισθοῖ
1305 1381 1392 1432 Υτὸ
1431 1381 1731 1448 στράτευμα5

185 1465 261 1513 καὶ
313 1464 482 1515 Ζαὺτὸν
532 1469 628 1518 τοῖς
677 1464 975 1531 Ἀρταβάζου
1013 1468 1277 1528 κηδεσταῖς,
1319 1464 1486 1526 λαβὼν
1527 1464 1575 1516 δὲ
1619 1466 1698 1516 πί-

185 1569 314 1600 στεις
351 1550 427 1598 καὶ
458 1546 579 1611 δοὺς,
604 1547 932 1615 ἆόλιγωρήσας
969 1554 1064 1600 τῶν
1097 1549 1248 1616 ὅρκων
1275 1551 1349 1600 καὶ
1375 1549 1596 1615 παραβὰς
1623 1550 1702 1599 αὑ-

184 1630 304 1693 τοὺς,
346 1630 636 1698 ἀφυλάκτων
683 1631 832 1683 ὄντων
877 1635 939 1687 ὡς
974 1631 1029 1684 ἂν
1069 1632 1187 1700 πρὸς
1233 1635 1378 1701 φίλον
1417 1637 1512 1683 τῶν
1558 1635 1605 1683 ἐν
1645 1637 1703 1699 τῇ

1064 1718 1079 1735 Χ

182 1715 327 1783 χώρᾳ,
371 1716 726 1778 καταλαμβάνει
768 1719 960 1784 Σκῆψιν
1005 1740 1081 1767 και
1123 1715 1142 1743 b
1167 1720 1392 1782 Κεβρῆνα
1436 1719 1510 1766 καὶ
1547 1715 1702 1767 Ἴλιον

92 1800 382 1852 ιὸαοαὺτῶν.
447 1799 675 1865 ἐγκρατὴς
720 1800 768 1851 δὲ
820 1799 1104 1865 ἀγενόμενος
1155 1801 1332 1851 τούτων
1383 1805 1477 1850 τῶν
1518 1800 1702 1866 χωρίων
1718 1823 1755 1844 10

181 1888 363 1950 πρᾶγμ’
408 1884 549 1935 ἔπαθε
597 1890 821 1945 τοιοῦτον,
868 1884 964 1934 οἷον
1015 1885 1102 1951 οὐχ
1143 1883 1246 1934 Θὸτι
1297 1882 1568 1949 στρατηγὸς
1619 1881 1704 1932 fga)

181 1966 397 2032 ἠγνόησέ
427 1991 496 2020 τις
535 1966 648 2018 εἶναι
687 1966 903 2036 φάσκων,
931 1967 1042 2017 ἀλλ’
1071 1968 1163 2017 οὐδ’
1194 1968 1219 2017 ὁ
1254 1967 1408 2033 τυχὼν
1434 1966 1698 2031 ἄνθρωπος.

182 2051 274 2101 οὐδ’
304 2054 460 2101 ὁτιοῦν
486 2073 580 2138 γαρ
611 2052 819 2117 ἕχωριον
855 2051 974 2117 ἔχων
1002 2050 1110 2101 ὓέπι
1138 2050 1366 2117 θαλάττῃ,
1393 2051 1484 2100 οὐδ
1514 2049 1665 2100 ὅθεν’
1645 2073 1703 2100 αν

181 2135 503 2198 σιτοπομπίας
539 2133 806 2200 1εὐπόρησε
848 2139 943 2186 τοῖς
979 2133 1303 2200 στρατιώταις,
1344 2134 1436 2183 ουδ’
1472 2133 1529 2183 αὖ
1568 2138 1705 2184 σῖτον

181 2217 301 2284 Εχων
350 2218 398 2267 ἐν
436 2240 532 2270 ΤΟις
570 2240 769 2284 χωρίοις,
812 2216 1049 2279 ὑπΕμΕίΡἘν
1093 2239 1141 2267 ΕΙ]
1179 2239 1275 2270 TOLS‘
1315 2238 1490 2282 ΤΕίΧΕΟἹ
1535 2239 1610 2266 Καί
1649 2237 1752 2269 0v15

239 2401 257 2430 Ρ
276 2394 361 2440 τῶν]
385 2396 446 2428 τοῦ
465 2407 494 2429 r.
633 2401 652 2428 q
673 2398 778 2429 ταῦτα
797 2396 850 2441 δὲ]
876 2396 912 2429 δέ
932 2397 1037 2428 ταῦτα
1056 2396 1199 2429 A.k.r.s.
1336 2401 1350 2419 Γ
1371 2392 1584 2439 διελθόντος]
1609 2394 1700 2427 διελ-

182 2447 302 2482 θόντος
324 2446 473 2491 βραχέος
503 2447 590 2481 F.O.
631 2448 780 2493 βραχέος
805 2448 999 2482 διελθόντος
1030 2449 1172 2482 A.k.1·.S.
1218 2447 1459 2490 διεληλυθότος
1491 2447 1640 2491 βραχέος
1669 2458 1700 2479 v.

183 2505 197 2524 S
218 2499 313 2546 οὐχὶ]
339 2501 379 2533 οὐ
398 2500 543 2535 A.k.r.&
691 2502 700 2520 ¹
720 2516 759 2546 γε
780 2513 849 2534 om.
872 2501 1016 2534 A.k.r.s.
1161 2504 1177 2519 ¹²
1198 2500 1366 2545 ἐγνωκὼς]
1390 2500 1576 2544 διεγνωκὼς
1597 2499 1701 2533 F.s.v.

183 2558 202 2576 Χ
221 2552 359 2597 μισθοῖ]
383 2553 510 2596 μισθου
531 2553 566 2587 S.
596 2554 779 2595 μισθοῦται
798 2553 888 2587 Y.O.
910 2559 946 2587 et
966 2559 1142 2586 correctus
1165 2553 1199 2585 S.
1322 2559 1339 2585 y
1361 2551 1417 2597 τὸ]
1442 2554 1480 2585 τό
1501 2566 1536 2584 τε
1557 2552 1702 2585 A.k.r.s.

184 2611 202 2629 Ζ
227 2605 330 2638 αὑτὸν
351 2606 385 2640 S.
417 2606 535 2639 ἑαυτὸν
553 2607 671 2650 vulgo.
782 2611 801 2630 a
820 2605 1054 2651 ὀλιγωρήσας]
1079 2604 1287 2650 ὀλιγωρίσας
1310 2605 1344 2638 S.
1456 2601 1476 2628 b
1496 2606 1641 2649 κεβρῆνα
1660 2605 1702 2637 Α.

182 2659 249 2692 k.r.
280 2660 420 2703 κεκρῆνα
433 2670 460 2691 s.
493 2659 716 2692 Scribebatur
730 2658 884 2703 Κέβρηνα
898 2659 954 2691 hic
966 2664 1001 2692 et
1018 2658 1112 2703 apud
1125 2658 1443 2702 Harpocrationem
1457 2669 1518 2690 s.v.
1550 2657 1705 2700 Κέβρηνα

183 2711 350 2756 aliosque,
366 2711 492 2744 vitioso
513 2717 671 2752 accentu,
692 2723 797 2757 quem
816 2712 935 2744 notaw'
950 2711 987 2744 in
1005 2711 1185 2744 Thesauro
1207 2711 1377 2755 Stephani
1396 2711 1464 2743 vol.
1481 2721 1515 2753 4.
1536 2722 1570 2754 p.
1594 2707 1702 2754 1396.

183 2764 310 2797 collato
341 2764 490 2798 Arcadio
524 2776 556 2809 p.
584 2775 621 2811 9,
643 2775 678 2810 9.
711 2764 772 2797 ubi
797 2776 927 2797 nomen
960 2764 997 2796 in
1032 2762 1165 2808 Κερβὴν
1194 2770 1399 2808 corruptum
1430 2768 1494 2796 est.
1545 2762 1704 2794 Accentu

183 2822 277 2850 caret
298 2817 335 2851 S.
475 2822 492 2842 0
511 2816 637 2861 αὐτῶν]
661 2817 763 2850 αὐτὸν
783 2817 818 2850 k.
966 2813 984 2840 d
1003 2818 1183 2861 γενόμενος
1203 2815 1350 2860 τούτων]
1375 2828 1504 2848 τουτων
1522 2815 1704 2859 γενόμενος

182 2869 332 2903 A.k.r.s.
461 2875 477 2894 e
497 2870 565 2914 ὅτι]
591 2871 609 2902 ὁ
628 2870 665 2904 k.
805 2866 820 2893 f
839 2867 879 2901 ἂν
899 2880 967 2902 0111.
988 2881 1017 2903 r.
1157 2874 1177 2901 g
1198 2882 1323 2912 χωριον
1342 2867 1481 2912 εχων]’
1471 2868 1558 2910 ε’χων
1577 2879 1704 2910 χωριον

183 2923 326 2956 A.k.r.S.
471 2919 491 2946 h
511 2922 582 2968 ἐπὶ]
607 2922 662 2955 ἐπὶ
681 2924 721 2964 τῇ
742 2922 852 2956 A.k.r.
883 2922 919 2954 ἐν
937 2923 977 2963 τῇ
997 2933 1024 2954 S.
1168 2927 1178 2945 1
1199 2921 1388 2965 εὐπόρησεν
1410 2920 1446 2953 F.
1455 2920 1488 2953 S.
1520 2917 1704 2963 εὐπορήσει

182 2973 274 3009 Y.O.
304 2973 505 3019 εὐπορήσειε
524 2976 668 3009 A.k.r.s.
699 2973 872 3019 εὐπορὴση
893 2986 923 3007 v.

242 3048 337 3074 VOL.
356 3047 406 3074 ll.
938 3047 964 3072 G
985 3048 1013 3087 g
