1954 3273
0 183 147 233 —460‚
166 199 218 222 αθ.
636 187 780 224 ΠΡΟΣ
811 186 1117 224 AEHTINHN.
1546 185 1631 228 493

118 299 160 345 οἱ
197 295 436 361 πρόγονοι.
504 295 750 361 τεκμήριον
789 297 853 347 δέ·
894 295 1113 362 χρήματα
1156 294 1240 358 μὲν
1283 293 1376 360 γὰρ
1422 295 1629 345 πλεῖστά

116 401 231 428 ποτε
267 379 551 442 κτησάμενοι
588 378 727 429 πάνθ’
756 378 870 444 ὑπὲρ
896 379 1167 446 φιλοτιμίας
1193 376 1485 440 εοἰνήλωσαν,
1513 376 1628 443 ὑπὲρ
1640 386 1725 436 460

116 459 195 510 f&
234 460 373 528 δόξης
413 461 576 511 οὐδένα
611 461 800 512 πώποτε
836 463 1046 511 κίνδυνον
1081 461 1360 528 ἐξέστησαν,
1388 459 1519 509 ἀλλὰ
1554 464 1629 510 καὶ

117 543 200 597 τὰς
232 545 346 596 ἰδίας
378 545 541 597 οὐσίας
578 545 1048 609 προσαναλίσκοντες
1074 543 1322 594 διετέλουν.
1366 548 1448 592 νῦν
1474 543 1630 593 τοίνυν

117 626 251 679 οὗτος
277 627 301 675 ὁ
329 624 469 689 νόμος
494 626 668 689 ταύτην
694 628 794 676 ἀντὶ
821 629 970 688 καλῆς
996 625 1201 692 αἰσχρὰν
1226 630 1283 691 τῇ
1318 624 1453 676 πόλει
1493 647 1624 690 περι-

118 708 268 769 άπτει,
295 710 370 757 καὶ
395 710 499 758 οὕτε
533 713 626 758 τῶν
657 708 904 774 προγόνων
931 709 1025 758 οὔθ’
1056 710 1183 771 ὑμῶν
1209 708 1362 775 ἀξίαν.
1405 707 1511 772 τρία
1536 706 1659 772 γάρ5

118 789 177 840 τὰ
213 791 418 855 μέγιστα
461 792 611 854 ὀνείδη
654 796 832 853 κτᾶται,
875 789 1142 858 φθονεροὺς,
1186 790 1427 852 ἀπίστους,
1467 791 1632 856 ἀχαρί--

120 896 262 927 στους
289 872 402 924 εἶναι
429 876 594 925 δοκεῖν.

58 975 101 1001 11
185 955 300 1007 “Orc
337 958 493 1007 τοίνυν
528 958 622 1007 οὐδ’
660 959 790 1008 ἐστὶν
823 956 958 1019 ὅλως,
994 956 1030 1008 ὦ
1064 959 1227 1024 ἄνδρες
1259 959 1514 1022 Ἀθηναῖοι,
1549 962 1632 1007 τοῦ

119 1041 260 1104 ἤθους
298 1047 381 1091 τοῦ
415 1049 436 1076 g
445 1041 661 1107 ὑμετέρου
699 1042 855 1107 κύριον
892 1045 1089 1106 ποιῆσαι
1126 1047 1335 1092 τοιοῦτον
1372 1040 1528 1104 νόμον,
1557 1043 1632 1091 καὶ

119 1130 257 1175 τοῦτο
294 1124 579 1190 πειράσομαι
606 1125 752 1193 δεῖξαι
779 1125 853 1174 διὰ
877 1125 1163 1192 βραχέων,”’
1136 1149 1184 1175 εν
1209 1148 1253 1175 τι
1285 1129 1379 1174 τῶν
1403 1122 1631 1189 πρότερον
1647 1147 1685 1168 10

118 1208 461 1305 πεπραγμένων
494 1211 551 1275 τῇ
590 1208 727 1259 πόλει
762 1208 1030 1276 διεξελθών.
1088 1208 1308 1272 λέγονται
1348 1206 1553 1273 χρήμαθ’
1590 1209 1633 1256 οἱ

121 1290 370 1358 τριάκοντα
396 1293 705 1342 δανείσασθαι
742 1290 873 1356 παρὰ
898 1291 1326 1354 Λακεδαιμονίων’
1304 1313 1378 1340 επι
1412 1312 1518 1343 τους
1553 1288 1633 1339 he'v

61 1398 108 1425 12
125 1379 343 1442 Πειραιει
411 1374 590 1439 1ἐπειδὴ
619 1377 658 1425 δ’
684 1375 712 1438 ἡ
747 1373 886 1427 πόλις
924 1378 987 1427 εἷς
1025 1397 1074 1423 εν
1099 1372 1243 1437 Κῆλθε
1281 1375 1356 1424 καὶ
1389 1372 1448 1423 τὰ
1471 1372 1628 1438 πράγ-

121 1460 226 1522 ματ’
273 1460 421 1509 ἐκεῖνα
471 1459 689 1522 κατέστη,
730 1459 956 1524 πρέσβεις
997 1458 1269 1526 πέμψαντες
1319 1460 1360 1507 οἱ
1404 1459 1683 1508 Λακεδαι-ῑό

121 1541 273 1606 μόνιοι
322 1541 380 1592 τὰ
421 1541 641 1608 χρήματα
690 1541 842 1592 1ταῦτ’
889 1540 1113 1608 ἀπῄτουν.
1179 1540 1340 1607 λόγων
1385 1540 1433 1591 δὲ
1473 1562 1633 1605 γιγνο-

121 1627 287 1691 μένων,
314 1628 388 1676 καὶ
415 1631 509 1676 τῶν
541 1626 625 1689 μὲν
650 1625 756 1678 τοὺς
792 1625 1151 1689 δανεισαμένους
1185 1627 1438 1675 ἀποδοῦναι
1476 1630 1636 1674 κελευ-

122 1709 283 1771 όντων,
304 1708 412 1763 τοὺς
436 1710 493 1777 ἐξ
514 1709 747 1771 ωᾶστεως,
767 1714 861 1759 τῶν
887 1708 934 1759 δὲ
953 1715 1091 1759 τοῦτο
1112 1712 1300 1774 πρῶτον
1321 1706 1526 1775 ὑπάρξαι
1553 1709 1636 1770 τῆς

122 1793 337 1856 ὁμονοίας
362 1797 557 1856 σημεῖον
583 1792 855 1860 ἀξιούντων,
881 1796 1009 1860 κοινῇ
1046 1796 1270 1842 διαλῦσαι
1307 1790 1366 1841 τὰ
1401 1791 1633 1858 χρήματα,

122 1878 246 1944 φασὶ
284 1875 367 1926 τὸν
401 1879 549 1938 δῆμον
587 1875 780 1925 ἑλέσθαι
806 1879 1174 1940 συνεισενεγκεῖν
1201 1874 1341 1924 αὐτὸν
1376 1876 1450 1924 καὶ
1485 1896 1628 1937 μετα-
1646 1898 1687 1919 20

122 1965 257 2027 σχεῖν
295 1963 377 2023 τῆς
417 1958 639 2023 δαπάνης,
666 1957 792 2008 ὥστε
829 1957 893 2021 μὴ
928 1964 1075 2008 λῦσαι
1106 1962 1200 2008 τῶν
1231 1956 1637 2022 Πὼμολογημένων

62 2065 109 2106 13
122 2045 283 2108 μηδέν.
343 2048 444 2095 πῶς
483 2043 563 2093 οὖν
596 2043 676 2092 οού
713 2041 874 2104 δεινὸν,
901 2039 938 2090 (3
973 2042 1136 2107 ἄνδρες
1172 2044 1428 2104 Ἀθηναῖοι,
1455 2044 1492 2090 εὶ
1530 2039 1635 2091 τότε

121 2127 206 2190 μὲν
256 2131 351 2180 τοῖς
401 2125 672 2190 ἠδικηκόσιν
713 2128 831 2189 ὑμᾶς
872 2124 986 2191 ὑπὲρ
1036 2130 1119 2175 τοῦ
1164 2133 1182 2161 P
1202 2123 1267 2187 μὴ
1320 2122 1636 2192 (Ῑψεύσασθαι

163 2210 175 2227 *
225 2209 475 2276 Γχρήματα
524 2208 757 2276 εἰσφέρειν
807 2207 1088 2272 ἠθελήσατε,
1132 2213 1213 2258 νῦν
1258 2208 1294 2257 δ’
1334 2205 1441 2275 ἐξὸν
1491 2219 1505 2240 ⁵
1528 2209 1634 2270 ὑμῖν
1647 2230 1685 2261 25

122 2294 230 2344 ἄνευ
281 2292 490 2356 δαπάνης
533 2291 592 2343 τὰ
633 2293 786 2343 δίκαια
827 2296 1024 2356 ποιῆσαι
1074 2296 1170 2345 τοῖς
1221 2292 1491 2357 εὐεργέταις,
1541 2291 1629 2341 λύ-

122 2400 245 2427 σασι
284 2374 367 2427 τὸν
408 2375 564 2439 νόμον,
607 2374 900 2444 ῒψεύδεσθαι
938 2380 1129 2439 μᾶλλον
1173 2373 1464 2441 αἱρήσεσθε,
1508 2374 1636 2440 Πέγὼ

122 2460 208 2524 μὲν
234 2461 316 2510 οὐκ
342 2459 473 2528 ἀξιῶ.

179 2666 195 2686 Ε
215 2658 410 2705 ἀνήλωσαν]
435 2626 615 2703 ᾰνῖλωσαν
634 2659 674 2693 F.
703 2625 885 2692 ἀνῖλωσαν
903 2664 930 2694 t.
1065 2654 1080 2682 f
1097 2658 1133 2692 δέ
1154 2669 1222 2692 om.
1244 2657 1280 2691 k.
1414 2664 1435 2693 g
1457 2654 1632 2701 ὑμετέρου]

125 2714 288 2758 ἡμετέρου
309 2726 334 2746 s.
423 2709 444 2736 h
463 2712 514 2758 ἐν]
540 2712 580 2755 ἐμ
603 2712 637 2745 S.
659 2712 719 2757 qui
739 2711 897 2746 similiter
917 2712 988 2754 σὺμ
1006 2713 1121 2753 πολλῇ
1141 2723 1176 2756 p.
1198 2708 1310 2756 1466,
1333 2719 1367 2756 5.
1468 2706 1477 2733 i
1498 2708 1630 2753 ἐπειδὴ]

126 2766 199 2800 ἐπεὶ
216 2766 298 2800 A.k.
383 2763 401 2787 k
421 2764 520 2810 ἦλθε]
545 2765 693 2808 συνῆλθε
711 2766 791 2798 A.k.
879 2762 889 2789 l
908 2763 1000 2798 ταῦτ’
1020 2777 1089 2798 om.
1111 2764 1190 2798 A.k.
1275 2769 1306 2787 m
1325 2762 1456 2797 ἄστεως
1477 2762 1512 2795 S.
1546 2761 1636 2794 Scri-

125 2819 273 2852 bebatur
292 2818 427 2853 ι’ίστεος.
494 2823 509 2839 ¹²
531 2816 814 2863 ὡμολογημένων]
840 2817 1156 2863 ὡμολογησαμένων
1177 2816 1222 2851 Ο.
1253 2815 1505 2860 ὀμωμοσμένων
1524 2814 1636 2848 A.k.r.

127 2877 145 2896 0
165 2872 204 2904 οὐ
225 2884 294 2905 om.
317 2871 361 2905 O.
428 2877 447 2904 P
467 2871 510 2914 μὴ
532 2883 600 2905 om.
616 2883 669 2917 pr.
686 2877 713 2906 t.
783 2877 802 2904 q
822 2870 1040 2916 ψεύσασθαι]
1065 2869 1258 2915 ψεύδεσθαι
1277 2869 1357 2903 A.k.
1424 2873 1439 2892 Γ
1457 2865 1632 2911 χρήματα]

125 2924 281 2970 χρήματα
300 2926 404 2958 ταῦτα
424 2924 578 2959 F.O.t.V.
665 2931 678 2950 S
700 2923 793 2970 ὑμῖν]
818 2924 895 2968 ἡμῖν
914 2936 944 2959 r.
1030 2923 1045 2949 t
1065 2921 1274 2968 ψεύδεσθαι]
1297 2919 1500 2966 ψεύσασθαι
1520 2919 1635 2955 A.k.r.

125 2983 146 3002 Π
166 2978 232 3023 ἐγὼ
250 2977 326 3023 μὲν]
352 2977 418 3023 ἐγὼ
437 2978 498 3020 μὲν
516 2976 628 3011 τοίνυν
648 2990 676 3012 s.
