1954 3273
231 153 314 196 766
763 161 1192 199 ΔΗΜΟΣΘΕΝΟΎΣ
1285 158 1369 198 Oa.
1389 157 1569 198 XXIV.
1590 147 1631 213 p}
1653 168 1748 212 733,
1767 172 1865 196 28—

229 268 392 332 γονεάς
423 268 623 336 τρέφειν,
651 272 726 320 καὶ
759 270 943 322 ἐπειδὰν
977 270 1294 332 ἀποθάνωσιν,
1322 269 1448 323 ὅπως
1480 274 1574 320 τῶν
1608 293 1737 333 νομι-

227 350 427 415 ζομένων
461 352 654 420 τύχωσι,
689 353 1158 419 παρασκευάζουσινς
1207 351 1236 417 ἢ
1270 357 1371 406 πῶς
1402 351 1485 403 ¹³01}
1519 351 1740 406 κάκιστος

226 433 446 485 ἁπάντων
484 437 744 503 ἀνθρώπων
783 438 967 490 δικαίως
1001 435 1059 487 ἂν
1096 435 1308 501 νομίζοιο,
1341 435 1487 498 ὅστις,
1519 434 1556 486 ὦ
1589 436 1734 487 κατά·
1752 458 1834 502 734

222 540 347 582 ρατε,
378 522 483 585 περὶ
518 520 735 573 πλείονος
769 519 940 588 1φαίνει
977 519 1085 573 τοὺς
1116 519 1359 572 111κλέπτας
1394 521 1470 569 καὶ
1507 518 1614 572 τοὺς
1648 542 1735 570 κα-

224 601 450 668 κούργους·
487 606 595 653 “καὶ
639 603 746 657 τοὺς
791 603 1135 668 ἀστρατεύτους
1180 605 1262 666 τῆς
1306 603 1529 668 πατρίδος
1571 601 1733 653 ποιού-

220 708 370 748 μενος,
399 688 474 736 καὶ
501 685 576 737 διὰ
599 686 791 740 τούτους
817 688 916 737 καθ’
944 687 1076 750 ἡμῶν
1103 685 1246 749 νόμον
1271 686 1428 749 οτίθης
1450 707 1463 747 3

126 786 206 818 122
294 768 536 832 Βούλομαι
570 769 725 819 τοίνυν
761 770 880 832 ὑμῖν,
914 767 944 819 ἃ
979 768 1254 836 ὑπεσχόμην
1290 770 1337 818 ἐν
1372 770 1494 835 ἀρχῇ
1526 774 1610 820 τοῦ
1643 768 1762 823 λό-5

217 873 317 916 γου,
359 858 378 886 Ρ
395 852 786 915 ἀπολογίσασθαι
835 851 1124 916 πεποιηκότα
1166 850 1416 914 Ἷέμαυτόν.
1478 851 1598 920 ε”φην
1641 851 1736 918 γὰρ

216 933 356 984 αὐτὸν
394 934 689 1003 ’ἐξελέγξειν
728 933 847 985 κατὰ
889 933 1046 986 πάντα
1091 934 1254 1000 ε”νοχον
1298 934 1412 985 ὄντα
1455 938 1513 1001 τῇ
1554 939 1735 1003 γραφῇ,

211 1023 402 1084 πρῶτον
435 1018 520 1081 μὲν
549 1017 677 1085 παρὰ
711 1018 819 1072 τοὺς
857 1017 1025 1082 νόμους
1060 1022 1413 1082 νομοθετοῦντα,
1442 1018 1654 1084 δεύτερον
1686 1019 1735 1070 δὲ

214 1104 463 1153 ὑπεναντία
498 1107 594 1156 τοῖς
628 1103 735 1152 οὖσι
771 1102 928 1165 νόμοις
957 1098 1247 1170 γεγραφότα,
1274 1102 1432 1167 τρίτον
1463 1100 1513 1151 δὲ
1542 1108 1734 1153 τοιαῦτα

122 1198 198 1242 123
214 1188 269 1236 δι’
294 1184 358 1236 ὧν
388 1185 595 1247 βλάπτει
629 1184 715 1249 τὴν
749 1184 905 1237 πόλιν.
958 1186 1124 1235 οὐκοῦν
1161 1184 1394 1248 ἠκούσατε
1431 1189 1526 1235 τῶν
1560 1184 1729 1248 νόμων,
1745 1211 1783 1232 10

212 1267 273 1319 Βᾶ
305 1269 551 1320 κελεύουσι
583 1273 729 1320 ποιεῖν
755 1268 837 1318 τὸν
867 1267 1053 1318 τιθέντα
1085 1265 1228 1330 νόμον
1262 1267 1432 1318 καινόν·
1472 1270 1548 1319 καὶ
1581 1268 1731 1320 πάλιν

211 1354 330 1417 ὑμᾶς
362 1352 551 1420 ἐδίδαξα
587 1352 658 1403 ὅτι
692 1352 871 1402 τούτων
901 1352 993 1402 οὐδ’
1023 1353 1177 1401 ὁτιοῦν
1203 1352 1422 1415 ἐποίησεν
1449 1351 1598 1404 οὗτος.
1653 1354 1729 1403 καὶ

209 1434 303 1499 μὴν
329 1436 550 1486 κάκείνων
575 1434 784 1499 ῐήκούετε
819 1438 913 1485 τῶν
947 1433 1116 1497 νόμων,
1143 1432 1209 1488 οἷς
1235 1434 1440 1488 ἐναντίος
1471 1432 1536 1485 ὧν
1561 1437 1723 1503 11ἐφαί-

209 1519 300 1568 νεθ’
329 1520 354 1569 ὁ
386 1519 565 1569 τούτου·
606 1520 682 1569 καὶ
716 1517 907 1571 τούτους
942 1517 1013 1567 ὅτι
1046 1519 1158 1583 πρὶν
1188 1523 1335 1568 λῦσαι
1366 1517 1497 1568 τόνδε
1529 1518 1728 1569 τέθεικεν
1743 1548 1777 1578 15

115 1602 483 1660 ι24ἐπίστασθε.
543 1600 674 1652 ἀλλὰ
711 1600 804 1665 μὴν
838 1601 945 1651 Χὸτι
985 1602 1027 1666 γ’
1061 1601 1143 1651 οὐκ
1179 1600 1443 1664 ἐπιτήδειος,
1480 1600 1725 1666 ἀκηκόατε·

207 1684 312 1750 ὄίρτι
357 1683 450 1750 γὰρ
492 1684 648 1750 λε’γων
692 1683 986 1748 ἐπαυσάμην.
1047 1685 1213 1734 οὐκοῦν
1252 1683 1371 1734 κατὰ
1407 1683 1543 1735 πάντ’
1585 1687 1736 1736 ἀδικεῖ

206 1772 433 1837 φανερῶς,
466 1771 540 1819 καὶ
576 1767 706 1819 οὐδὲν
741 1768 840 1819 ἔσθ’
870 1768 895 1819 ὅ
930 1791 973 1819 τι
1008 1768 1296 1836 Υφροντίσας
1330 1768 1422 1820 οὐδ’
1451 1769 1728 1832 εὐλαβηθεὶς

205 1854 433 1921 φαίνεται,
472 1854 581 1903 ἀλλ’
621 1861 638 1879 ²
656 1853 811 1918 ε”μοιγε
850 1856 985 1916 δοκεῖ,
1025 1850 1111 1903 κᾶν
1150 1856 1187 1903 εἰ
1224 1850 1342 1918 πρὸς
1380 1853 1559 1906 τούτοις
1598 1852 1724 1903 ἄλλο

1441 1933 1458 1962 b

203 1959 248 1987 τι
281 1936 371 2000 ἃμὴ
404 1942 552 1988 ποιεῖν
585 1936 846 2002 ἐγέγραπτο
886 1937 934 1987 ἐν
968 1941 1063 1990 τοῖς
1102 1936 1208 1986 οὖσι
1244 1934 1414 1999 νόμοις,
1471 1935 1556 1986 κᾶν
1585 1941 1723 1987 τοῦτο

204 2023 414 2084 ποιῆσαι.
1734 2038 1774 2060 ²0

115 2119 192 2162 125
284 2103 593 2171 Πανταχόθεν
630 2104 714 2166 μὲν
751 2104 906 2154 τοίνυν
941 2101 1084 2166 δῆλός
1119 2104 1217 2153 ἐσθ’
1253 2103 1323 2153 ὅτι
1358 2103 1485 2154 ταῦτ’
1514 2102 1723 2171 ἔγραψεν

206 2187 563 2249 ἐπιβουλεύσας,
603 2190 705 2237 οκαὶ
741 2186 859 2250 μετὰ
896 2193 978 2237 τοῦ
1016 2187 1376 2246 βουλεύσασθαι
1418 2189 1543 2237 ταῦτ’
1585 2185 1716 2239 (Ῑάδι-

205 2276 277 2322 κεῖ
311 2273 385 2321 καὶ
424 2273 477 2321 οὐ
515 2271 679 2338 γνώμῃ
718 2269 998 2336 διαμαρτὼν,
1037 2270 1252 2333 μάλιστα
1287 2272 1325 2319 δ’
1359 2272 1407 2320 ἐκ
1445 2276 1527 2321 τοῦ
1564 2271 1720 2321 πάντα

202 2356 285 2408 τὸν
321 2355 462 2419 νόμον
497 2355 631 2422 μέχρι
666 2358 748 2419 τῆς
779 2362 795 2381 ²
814 2355 1018 2419 ὑστάτης
1048 2358 1304 2419 συλλαβῆς
1337 2361 1547 2406 τοιοῦτον
1584 2354 1713 2407 εἶναι·

256 2493 275 2520 k
298 2495 354 2541 οὐ]
377 2495 453 2539 οὐχὶ
474 2495 590 2530 A.k.S.
680 2491 690 2518 Ῑ
710 2493 839 2540 φαίνει]
866 2494 1088 2529 scribebatur
1108 2493 1225 2540 φαίνῃ.
1314 2500 1343 2518 ¹¹¹
1364 2493 1526 2540 κλέπτας]
1551 2496 1714 2529 κλέπτον-

201 2564 261 2585 τιις
280 2562 307 2583 r.
393 2554 411 2572 Π
432 2548 485 2582 καὶ
504 2560 575 2582 om.
594 2547 638 2581 Ο.
724 2553 742 2572 ⁰
761 2545 855 2591 τίθης
876 2548 955 2583 RS.
991 2548 1189 2594 Legebatur
1208 2548 1323 2583 τιθείς.
1400 2553 1416 2576 Ρ
1435 2547 1714 2593 ἀπολογίσασθαι

202 2608 378 2637 correctus
397 2601 434 2636 k.
461 2600 746 2646 ἀπολογήσασθαι
761 2601 877 2646 vulgo.
952 2607 971 2635 q
991 2601 1152 2648 ἐμαυτόν]
1177 2602 1280 2635 αὐτόν
1299 2613 1349 2647 pr.
1368 2613 1400 2635 v·
1472 2606 1487 2626 Γ
1506 2601 1712 2648 ἐξελέγξειν]

201 2690 395 2734 ἐξελέγχειν
415 2689 526 2723 A.k.S.
638 2693 652 2712 S
673 2687 858 2730 ἂ-νόμων
878 2700 947 2722 om.
970 2700 1000 2722 v.
1111 2687 1124 2712 t
1144 2686 1279 2732 ἠκούετε
1301 2689 1336 2723 S.
1368 2664 1504 2732 ἦκούζῖε
1525 2688 1564 2723 F.
1602 2688 1712 2734 Lege-

200 2743 304 2776 batur
323 2740 499 2785 ἠκούσατε.
579 2747 600 2765 ¹¹
620 2740 768 2785 ἐφαίνεθ’
786 2741 898 2774 F.S.v.
931 2741 1130 2787 Legebatur
1149 2740 1280 2786 φαίνεθ’
1286 2767 1293 2774 .
1376 2746 1394 2765 Χ
1415 2740 1467 2774 ὅτι
1486 2740 1535 2786 γ’]
1560 2740 1590 2786 γ’
1612 2741 1663 2775 ὅτι
1683 2754 1710 2775 s.

201 2802 219 2829 Υ
239 2796 430 2841 φροντίσας
449 2794 729 2829 A.S.Y.O.k.r.s.
765 2794 962 2840 Legebatur
981 2795 1170 2840 φροντίσας
1191 2794 1294 2838 ὑμῶν.
1444 2799 1460 2818 ²
1480 2794 1613 2840 ἔμοιγε]
1638 2795 1713 2838 ἐμοί

199 2863 236 2882 τε
255 2851 325 2883 A.s.
429 2854 447 2873 8
466 2848 511 2892 μὴ
530 2859 599 2882 om.
619 2859 646 2881 r.
745 2843 763 2871 b
783 2846 843 2880 κᾶν
862 2847 980 2893 τοῦτο]
1005 2847 1064 2881 κάν
1083 2846 1192 2892 τούτῳ
1211 2847 1321 2882 A.r.s.
1351 2847 1404 2880 καὶ
1421 2849 1523 2881 τοῦτο
1541 2847 1587 2891 μὴ
1606 2862 1660 2893 γρ.
1682 2859 1709 2881 r.

199 2907 215 2926 ⁰
235 2903 288 2936 καὶ
307 2914 376 2935 om.
397 2901 603 2936 F.S.Y.O.r.
699 2897 718 2926 (Ι
738 2900 859 2945 ἀδικεῖ]
883 2900 1005 2934 ἀδικεῖν
1027 2901 1105 2935 RS.
1126 2908 1161 2934 et
1180 2906 1356 2935 correctus
1375 2912 1401 2933 r.
1504 2905 1520 2924 θ
1541 2899 1705 2945 ὑστάτης]

199 2955 347 2999 ἐσχάτης
367 2955 477 2990 A.k.s.
498 2961 532 2989 et
551 2969 606 2999 γρ.
629 2954 667 2987 F,
