1954 3273
252 173 336 217 676
808 176 1234 214 ΔΗΜΟΣΘΕΝΟΎΣ
1301 173 1382 212 Ost.
1409 173 1601 213 XXIII.
1626 187 1665 227 p.
1685 175 1782 223 644,
1799 186 1898 213 99-
1952 178 1954 182 “

253 287 301 338 δὲ
334 289 457 338 τοῦτ’
486 286 723 352 ἐνόμισαν,
757 285 1030 354 γράφουσιν
1068 287 1156 350 ἤδη
1197 288 1270 336 καὶ
1310 285 1562 351 διορίζουσι
1597 289 1770 352 σαφῶς

187 374 238 425 87
253 373 329 438 ἐφ’
357 370 424 424 οἷς
458 371 626 439 ἐξεῖναι
651 362 994 420 ἀποκτιννύναι.
1037 371 1147 419 ἀλλ’
1177 371 1263 436 οὐχ
1298 369 1431 422 οὗτος
1470 368 1600 419 οὐδὲν
1626 370 1762 436 ἀφεῖ-
1781 379 1865 433 645

252 459 349 514 λεν,
376 454 489 503 ἀλλ’
524 453 702 512 ἁπλῶς,
739 451 818 501 ἐάν
852 473 921 503 τις
958 452 1206 518 ἀποκτείνῃ
1241 452 1530 515 Χαρίδημον,
1569 450 1655 500 κᾶν
1693 454 1761 500 δι-

251 537 404 598 καίως,
444 534 529 585 κᾶν
566 537 668 587 Ῑῃὼς
705 538 746 584 οἱ
789 532 920 596 νόμοι
956 532 1181 595 διδόασιν,
1222 534 1410 584 ἔκδοτον
1447 538 1579 584 ποιεῖ.
1620 534 1768 583 καίτοι

249 620 399 670 πᾶσίν
433 623 524 668 εἱσι
562 617 816 683 πράγμασι
855 619 930 667 καὶ
965 617 1126 681 λόγοις
1161 617 1243 667 δύο
1275 619 1560 682 προσθῆκαι,
1597 617 1653 679 Πὴ
1687 623 1770 667 τοῦ

251 703 428 752 δικαίου
467 703 541 750 καὶ
579 701 754 750 ἀδίκου·
799 698 852 752 ἃς
894 699 990 762 ἅμα
1031 699 1115 761 μὲν
1154 700 1208 750 τὸ
1249 699 1362 750 αὐτὸ
1401 705 1598 766 πρᾶγμα
1637 700 1799 750 οὐδένὸ

251 783 309 835 ἂν
348 784 535 834 δύναιτο
572 788 708 849 σχεῖν
742 782 845 832 οὐδὲ
887 782 1031 847 λόγος
1067 783 1213 836 οὐδείς
1242 785 1363 845 (πῶς
1396 783 1487 849 γὰρ
1523 783 1579 833 ἂν
1615 784 1767 833 δίκαια

250 865 347 928 ἅμα
390 865 536 916 ταύτὰ
581 867 657 915 καὶ
697 864 761 928 μὴ
805 865 988 930 γε’νοιτο
1009 870 1047 931 3)
1090 863 1176 927 τὴν
1217 867 1285 914 06'
1332 865 1495 929 ἑτέρα.)
1533 865 1766 915 Ι’ἕκαστον

185 950 360 1016 88ἔχον
386 947 690 1013 δοκιμάζεται,
718 946 804 998 κᾶν
831 947 916 1009 μὲν
942 947 1027 1010 τὴν
1053 947 1213 997 ἄδικον
1245 952 1393 1015 φανῇ,
1423 948 1630 1014 πονηρὸν
1664 949 1765 1014 κρί-

251 1056 391 1094 νεται,
417 1030 504 1082 ‘ich
540 1031 587 1082 δὲ
623 1030 709 1095 τὴν
746 1032 938 1092 δικαίαν,
967 1031 1180 1098 χρηστὸν
1214 1034 1288 1082 καὶ
1320 1032 1482 1082 καλόν.
1527 1032 1590 1083 σὺ
1615 1033 1770 1082 τοίνυν

251 1117 495 1182 οὐδετέραν
519 1115 820 1181 προσέθηκας
851 1115 1063 1177 Γτούτων,
1091 1115 1148 1164 ἄν
1172 1138 1240 1168 τις
1267 1116 1515 1183 ἀποκτείνῃ
1548 1115 1762 1184 γράφων·
1787 1139 1823 1160 ιο

250 1201 360 1251 ἀλλ’
402 1200 626 1265 ἀόριστον
665 1197 830 1249 ὃεῖπὼν
870 1197 1014 1259 αὐτὴν
1053 1197 1138 1262 τὴν
1174 1199 1337 1261 αἰτίαν,
1371 1201 1446 1249 καὶ
1483 1199 1601 1261 μετὰ
1638 1204 1767 1250 ταῦτ’

251 1283 383 1337 εὐθὺς
404 1283 752 1351 ἵπροσγράψας
779 1282 1021 1347 ἀγώγιμον
1047 1279 1171 1344 εἶναι,
1199 1282 1355 1348 τρίτον
1381 1284 1508 1332 τουτὶ
1536 1282 1764 1346 δικαστή-

249 1391 350 1434 ριον
376 1370 451 1418 καὶ
476 1366 535 1417 τὰ
561 1366 727 1417 τούτου
755 1365 926 1428 νόμιμα
951 1366 1297 1431 παραβεβηκὼς
1320 1368 1522 1435 ιιφαίνει.

185 1466 237 1518 89
326 1452 566 1517 Τέταρτον
592 1451 746 1499 τοίνυν
774 1450 898 1498 ἄλλο
924 1448 1042 1514 πρὸς
1078 1448 1256 1502 τούτοις
1295 1449 1347 1499 τὸ
1373 1451 1447 1500 ἐπὶ
1478 1450 1763 1518 Πρυτανείῳ.
1784 1468 1819 1498 ¹5

249 1542 388 1586 τοῦτο
414 1538 454 1585 δ’
476 1535 644 1595 Χἐστὶν,
667 1532 745 1583 ἐὰν
772 1535 904 1585 λίθος
930 1532 983 1596 ‘'7'}
1005 1533 1152 1602 ξύλον
1172 1533 1200 1598 ἢ
1221 1535 1415 1600 σίδηρος
1444 1533 1480 1597 ἤ
1491 1557 1534 1583 τι
1560 1539 1770 1584 τοιοῦτον

250 1618 459 1681 ἐμπεσὸν
498 1617 703 1685 πατάξῃ,
740 1618 816 1667 καὶ
857 1615 940 1667 τὸν
971 1616 1056 1679 μὲν
1096 1617 1313 1677 βαλόντα
1357 1619 1505 1684 ἀγνοῇ
1538 1640 1621 1680 τις,
1658 1617 1770 1668 αὐτὸ

251 1704 290 1753 δ’
320 1705 443 1769 χεῖδῇ
483 1705 557 1751 καὶ
584 1701 699 1768 “ε”χῃ
734 1699 812 1750 ι’τὸ
839 1699 920 1750 τὸν
948 1700 1097 1768 φόνον
1123 1701 1445 1766 εἰργασμένον,
1472 1701 1653 1754 τούτοις
1692 1703 1768 1751 ἐν-

184 1812 238 1854 90
251 1792 402 1838 ταῦθα
436 1784 761 1852 Ολαγχάνεται.
807 1789 843 1834 εἰ
876 1784 1031 1834 τοίνυν
1069 1789 1163 1834 τῶν
1199 1784 1402 1853 ἀψύχων
1437 1787 1512 1834 καὶ
1547 1784 1611 1848 μὴ
1651 1808 1764 1848 μετ-

251 1869 455 1937 εχόντων
489 1875 571 1919 τοῦ
607 1873 795 1936 φρονεῖν
822 1866 983 1918 (Ῑούδέν
1009 1869 1112 1918 ἐσθ’
1142 1867 1289 1929 ὅσιον,
1315 1867 1534 1932 τοιαύτην
1559 1868 1667 1935 ε”χον
1693 1873 1763 1919 αἱ·
1785 1897 1825 1918 20

251 1957 367 2017 τίαν,
399 1957 477 2005 ἐᾶν
505 1954 708 2019 ἄκριτον,
742 1952 770 2016 ἧ
803 1975 895 2003 που
921 1950 1003 2002 τόν
1035 1975 1087 2017 γε
1123 1954 1369 2002 ἀδικοῦντα
1403 1951 1488 2015 μὲν
1524 1951 1668 2014 οὐδὲν,
1692 1952 1771 2003 ἐὰν

251 2038 383 2104 τύχῃ,
407 2037 542 2101 θήσω
570 2035 619 2086 δὲ
646 2037 907 2097 ἀδικοῦντα,
935 2036 1045 2084 ἀλλ’
1065 2033 1314 2100 ἄνθρωπόν
1339 2057 1392 2099 γε
1420 2035 1534 2084 ὄντα
1560 2037 1634 2084 καὶ
1661 2057 1770 2098 μετ-

253 2121 483 2189 ειληφότα
512 2124 594 2188 θτῇ
626 2119 745 2186 τύχῃ
779 2121 861 2182 τῆς
889 2119 1029 2181 αὐτῆς
1065 2117 1192 2181 ῑὴμῖν
1218 2117 1421 2186 φύσεως,
1449 2116 1668 2189 ἕάνόσιον
1694 2120 1769 2169 καὶ

253 2204 402 2254 δεινὸν
440 2204 549 2253 ἄνευ
587 2201 764 2267 1Ῑλόγου
803 2204 878 2252 καὶ
916 2200 1088 2268 ψήφου
1124 2206 1271 2252 ποιεῖν
1310 2202 1499 2252 ἔκδοτον
1540 2203 1610 2253 ἐπ’
1643 2203 1767 2270 αἰτίᾳ
1782 2230 1819 2262 ²5

252 2287 457 2356 τοιαύτῃ.

186 2397 234 2437 91
319 2370 429 2422 ’Έτι
465 2371 619 2421 τοίνυν
644 2370 858 2431 πέμπτον
885 2367 1187 2433 δικαστήριον
1213 2367 1358 2418 ἱιῖίλλο
1391 2367 1635 2419 θεάσασθε
1674 2367 1771 2420 οἷον

307 2512 337 2531 ¹1¹
359 2506 402 2541 ὡς
422 2506 470 2552 οἱ]
496 2505 538 2540 ὡς
558 2505 622 2548 οὐχ
642 2505 673 2537 οἱ
693 2504 734 2537 Y.
873 2507 887 2523 ¹¹
909 2503 944 2548 ἡ]
970 2504 990 2547 ἥ
1007 2519 1044 2538 τε
1064 2505 1136 2538 kx.
1278 2508 1296 2527 0
1317 2501 1345 2536 δ’
1365 2503 1482 2548 ἑτέραν
1504 2502 1539 2537 S.
1571 2502 1771 2549 Legebatur

255 2561 372 2604 ἑτέραν
392 2559 432 2593 δ’.
562 2564 580 2591 1¹
602 2556 761 2602 ἕκαστον]
787 2555 930 2590 ἕκαστον
951 2556 1059 2592 αἷτιίιν
1081 2558 1194 2592 F.k.v.
1217 2564 1250 2590 ct
1271 2569 1341 2591 rec.
1364 2568 1485 2601 margo
1507 2555 1550 2590 O.
1672 2562 1691 2589 (1
1711 2554 1767 2601 ἂν]

254 2613 311 2646 ε’ὰν
330 2625 361 2647 v.
473 2617 486 2635 ¹*
506 2611 652 2656 τούτων]
677 2612 799 2643 τοῦτον
819 2622 850 2642 v.
948 2616 962 2634 S
983 2611 1084 2645 εἷπὼν
1103 2610 1224 2656 αὐτὴν]
1250 2610 1353 2653 αὐτὴν
1372 2609 1473 2643 εἰπὼν
1493 2621 1526 2643 v.
1630 2608 1644 2634 t
1657 2623 1767 2654 προσ-

252 2664 408 2711 γράψας]
432 2665 572 2711 γράψας
592 2665 664 2698 k.v.
777 2668 796 2686 ¹¹
817 2663 931 2707 φαίνει
953 2664 987 2697 S.
1019 2664 1122 2708 φαίνῃ
1144 2665 1261 2709 vulgo,
1364 2668 1378 2684 Χ
1401 2662 1514 2708 ἐστὶν]
1539 2662 1615 2696 ἐστὶ
1633 2659 1669 2695 τί
1685 2663 1767 2696 A.k.

253 2731 350 2753 r.S.v.
480 2725 489 2747 3
517 2717 534 2761 ἢ
555 2717 660 2762 ξύλον
680 2728 749 2750 om.
771 2730 799 2751 s,
939 2723 956 2741 Ζ
976 2717 1064 2764 εἰδῇ]
1090 2717 1143 2760 ἴδῃ
1166 2716 1365 2751 A.Y.O.r.s.
1495 2721 1514 2739 a
1533 2714 1612 2760 ἔχῃ]
1636 2717 1707 2760 ἔχει
1726 2717 1767 2749 Α.

1005 2775 1028 2791 ΕΙ

254 2803 274 2830 b
294 2806 333 2839 τὸ
354 2816 422 2839 om.
445 2804 490 2838 Ο.
589 2809 604 2828 ⁰
624 2802 847 2848 λαγχάνεται]
872 2805 1077 2849 λαγχάνεται
1098 2805 1132 2837 k.
1162 2804 1326 2849 λαγχάνει
1341 2803 1443 2836 A.1·.S.
1460 2802 1554 2847 quod
1575 2801 1609 2835 in
1629 2816 1685 2847 γρ.
1705 2801 1767 2835 ha-

253 2858 339 2892 bent
359 2858 438 2892 Rs.
524 2854 543 2882 (Ῑ
564 2857 662 2890 οὐδὲν
680 2857 715 2890 in
736 2857 893 2901 margine
916 2857 952 2890 F.
1046 2862 1062 2881 ⁰
1082 2859 1123 2899 τῇ
1142 2855 1230 2900 τύχῃ
1251 2856 1344 2890 delet
1363 2856 1544 2901 Taylorus.
1639 2851 1654 2880 f
1670 2853 1765 2900 ἡμῖν]

255 2911 332 2954 ὑμῖν
348 2911 393 2945 O.
516 2916 537 2944 8
556 2908 712 2955 ἀνόσιον]
738 2909 795 2943 ε’ἃν
814 2909 911 2943 ὅσιον
931 2910 973 2943 Y.
1085 2907 1105 2934 h
1125 2911 1234 2956 λόγου
1253 2910 1304 2943 καὶ
1325 2921 1396 2944 0111.
1417 2909 1523 2944 A.r.s.
1653 2904 1663 2932 ¹
1682 2907 1771 2940 ἄλλο

255 2975 325 2998 om.
349 2964 383 2998 S.
400 2977 407 2998 ε
437 2964 543 2998 habet
564 2963 798 3008 Harpocratio
819 2975 847 2996 s.
870 2975 900 2996 v,
921 2961 978 2996 Ἐν
998 2965 1173 3008 Φρεαττοῖ.
