1954 3273
63 187 220 241 —726,
240 203 291 227 ιε.
657 191 799 228 ΚΑΤΑ
830 189 1234 227 ΤΙΜΟΚΡΑΤΟΎΣ.
1625 186 1707 227 757

188 301 292 366 περὶ
318 298 383 350 ὧν
410 299 468 351 ἂν
501 300 760 364 ὀμωμοκὼς
796 301 1087 369 ψηφίσηται,
1116 300 1278 354 λυτέος
1315 301 1388 349 καὶ
1421 299 1504 349 οὐκ
1530 298 1707 352 οέατέος
1721 321 1761 341 20

190 382 243 432 ‘¹5
270 390 476 438 τοιοῦτος
504 384 644 448 νόμος
672 384 849 450 Εκύριος
876 383 995 434 ιτνυνὶ
1021 384 1258 448 γενέσθαι.

122 484 177 527 90
265 468 340 517 Οὐ
366 469 520 518 τοίνυν
546 468 816 535 ἀπέχρησεν
850 468 975 536 αὐτῷ
1009 466 1069 518 τὰ
1102 466 1382 533 δικαστήρια
1411 466 1561 532 ἄκυρα
1598 488 1703 516 ποι-

187 554 303 613 ῆσαι
343 556 437 602 τῶν
476 551 893 620 προστιμημάτων,
932 552 1042 601 ἀλλ’
1083 550 1187 601 οὐδὲ
1232 550 1262 601 ἃ
1303 551 1455 602 δίκαια
1495 551 1704 617 ὡρίσατο

190 635 328 690 αὐτὸς
367 638 414 687 ἐν
449 641 515 706 τῷ
549 636 675 705 νόμῳ
719 638 794 687 καὶ
834 636 1102 705 προσέταξε
1137 641 1232 689 τοῖς
1276 635 1570 703 ὠφληκόσιν,
1604 633 1761 687 οὐδὲεῡ

191 726 339 770 ταῦτα
390 722 556 774 ἁπλῶς
599 719 703 771 οὐδὲ
747 720 930 774 ἀδόλως
974 719 1239 787 φανήσεται
1283 719 1550 788 γεγραφὼς,
1596 719 1706 769 ἀλλ’

193 806 256 857 ὡς
307 802 362 854 ἂν
412 803 629 866 μάλιστά
678 827 747 858 τις
793 806 912 867 ὑμᾶς
965 804 1263 872 ἐξαπατῆσαι
1313 807 1388 855 καὶ
1437 805 1706 870 παρακρού-

127 912 175 953 91
193 891 378 938 σασθαι
420 889 722 951 βουλόμενος.
766 888 1021 957 σκέψασθε
1066 888 1160 954 γὰρ
1201 891 1263 942 ὡς
1301 888 1554 956 γε’γραφεν.
1619 892 1706 939 Τι-

192 970 430 1036 μοκράτης
469 970 579 1035 εἷπε,
614 974 751 1040 φησὶ,
777 975 851 1023 καὶ
883 972 925 1023 εἴ
950 995 1040 1023 τινι
1073 977 1168 1023 τῶν
1202 971 1492 1041 ὀφειλόντων
1527 976 1593 1041 τῷ
1632 974 1712 1035 δη-

192 1056 348 1124 μοσίῳ
411 1057 781 1121 προστετίμηται
845 1055 964 1106 κατὰ
1028 1056 1172 1120 νόμον
1226 1056 1254 1121 ἢ
1307 1056 1425 1107 κατὰ
1475 1055 1713 1125 ψήφισμα
1727 1068 1808 1119 726

194 1142 372 1202 δεσμοῦ
399 1138 427 1203 ἢ
454 1137 508 1190 τὸ
535 1139 704 1190 λοιπὸν
728 1144 1050 1207 προστιμηθῇ,
1077 1139 1191 1190 εἶναι
1218 1141 1344 1209 αὐτῷ
1369 1139 1397 1205 ἦ
1425 1141 1564 1210 ἄλλῳ
1598 1139 1714 1207 ὑπὲρ

194 1224 366 1274 ἐκείνου
403 1223 635 1288 ἐγγυητὰς
678 1227 993 1287 καταστῆσαι,
1033 1224 1111 1277 οὓς
1151 1223 1209 1275 ἂν
1251 1226 1275 1274 ὁ
1318 1227 1463 1288 δῆμος
1502 1247 1711 1291 χειροτο-

196 1307 333 1375 νήσῃ,
360 1306 387 1371 ἧ
414 1306 508 1371 μὴν
533 1308 745 1373 ἐκτίσειν.
783 1310 1049 1372 ἐνθυμεῖσθ’
1078 1308 1171 1359 ἀπὸ
1198 1314 1281 1359 τοῦ
1308 1310 1612 1375 δικαστηρίου
1639 1311 1715 1359 καὶ

131 1394 278 1455 92τῆς
317 1392 660 1457 καταγνώσεως
699 1391 744 1442 οἷ
779 1391 1073 1457 διεπήδησεν.
1114 1395 1188 1444 ἐπὶ
1227 1392 1309 1444 τὸν
1347 1395 1507 1457 δῆμον,
1549 1393 1707 1444 ἐκκλέ-
1727 1416 1743 1446 5

195 1498 328 1525 πτων
366 1475 449 1526 τὸν
487 1474 738 1539 ἠδικηκότα
780 1477 855 1526 καὶ
890 1475 975 1540 τὴν
1015 1476 1283 1542 παράδοσιν
1322 1478 1463 1528 αὐτοῦ
1499 1476 1584 1540 τὴν
1620 1482 1716 1530 τοῖς

696 1558 844 1627 ὴάρχὴ
887 1561 1161 1623 παραδώσει
1201 1560 1284 1612 τὸν
1330 1559 1607 1629 ἱόφλόντας
1648 1562 1718 1613 τίς

198 1647 293 1692 τῶν
318 1642 477 1693 ἕνδεκα
502 1642 841 1710 παραλήψεται
864 1665 876 1705 ;
920 1644 1189 1698 κελεύοντος
1215 1644 1299 1707 μὲν
1314 1643 1416 1695 Ῑτοῦ
1443 1645 1587 1708 νόμου
1612 1644 1718 1696 τού-

197 1559 370 1610 ἕνδεκα.
417 1560 512 1612 ἕτίς
556 1558 649 1626 γὰρ

198 1750 282 1777 του
319 1729 367 1777 ἐν
390 1731 457 1795 τῷ
483 1726 646 1797 1(δήμῳ
686 1727 963 1779 καθιστάναι
1003 1728 1109 1781 τοὺς
1147 1728 1391 1793 ἐγγυητὰς,
1420 1728 1650 1779 ἀδυνάτου
1676 1730 1714 1778 δ’
1734 1754 1772 1775 10

200 1811 334 1865 ὄντος
372 1812 635 1878 αὐθημερὸν
672 1811 950 1876 1ἐκκλησίαν
991 1811 1088 1876 ἅμα
1128 1814 1202 1863 καὶ
1244 1812 1546 1878 δικαστήριον
1585 1813 1715 1878 γενέ-

203 1898 333 1957 σθαι,
360 1895 564 1958 οὐδαμοῦ
604 1896 641 1944 δ’
671 1894 995 1949 ἐπιτάττοντος
1035 1895 1292 1963 φυλάττειν
1322 1897 1449 1949 ΙῘ’ἕως
1485 1894 1541 1946 ἂν
1572 1919 1719 1947 κατα-

138 1996 190 2039 93
205 1977 367 2045 στήσῃ
404 1976 512 2032 τοὺς
551 1977 794 2044 ἐγγυητάς.
835 1980 982 2029 καίτοι
1016 1980 1065 2029 τί
1094 1980 1196 2030 ποτ’
1226 1978 1283 2044 ἦν
1318 1983 1375 2030 δι’
1409 1978 1433 2030 ὃ
1467 1978 1719 2046 προσγρά-

203 2066 297 2130 ψαι
323 2067 495 2130 σαφῶς
523 2061 707 2126 ὤκνησε
735 2071 761 2093 “
781 2062 866 2127 τὴν
905 2064 943 2113 δ’
972 2062 1123 2130 ἀρχὴν
1159 2062 1240 2114 τὸν
1277 2062 1493 2132 ὀφλόντα
1531 2063 1719 2132 φυλάτ-

205 2153 233 2175 “
258 2169 353 2196 τειν
398 2147 518 2199 ι1ἕως
569 2144 626 2196 ἂν
677 2146 960 2214 καταστήσῃ
1010 2145 1117 2200 τοὺς
1170 2148 1401 2212 ἐγγυητάς·
1424 2149 1465 2210 ;”
1531 2147 1723 2214 0πότερ’
1742 2172 1777 2205 15

206 2230 346 2296 Ρούχὶ
386 2231 590 2291 δίκαιονς
638 2231 687 2281 εὖ
732 2229 812 2281 οἶδ’
858 2230 929 2281 ὅτι
975 2230 1146 2284 πάντες
1191 2229 1249 2280 ἂν
1291 2232 1552 2299 Ἷφήσαιτε.
1614 2233 1724 2282 ἀλλ’

208 2315 414 2364 ἐναντίον
457 2313 514 2377 ἧν
553 2316 641 2364 τινὶ
682 2320 821 2365 τοῦτο
860 2313 1022 2384 νόμῳ;
1067 2313 1164 2378 οὒκ,
1211 2315 1342 2366 ἀλλὰ
1392 2315 1567 2379 Γμόνον
1611 2315 1729 2367 κατὰ

209 2396 342 2451 Ξτοὺς
383 2397 565 2462 νόμους.
606 2399 656 2448 τί
684 2399 789 2449 ποτ’
819 2399 900 2448 οὖν
925 2397 1016 2461 ἧν;
1060 2397 1191 2449 οὐδὲν
1216 2398 1273 2449 ἂν
1300 2400 1449 2451 ῑᾶλλο
1487 2423 1555 2454 τις
1594 2402 1730 2466 εὕροι,

265 2533 282 2552 0
310 2525 440 2572 ἐατέος]
474 2526 660 2561 ἀκουστέος
678 2539 706 2560 r.
868 2524 887 2552 (1
917 2527 952 2573 ὁ]
988 2527 1087 2564 οὗτος
1106 2530 1123 2562 ὁ
1147 2530 1181 2563 S.
1339 2536 1354 2555 e
1384 2529 1496 2576 κύριος
1525 2543 1594 2565 om.
1621 2544 1674 2577 pr.
1694 2533 1730 2565 k.

212 2578 226 2605 f
253 2581 324 2614 νυνὶ
353 2578 530 2626 γενέσθαι]
563 2580 634 2613 νυνὶ
659 2580 816 2625 γίνεσθαι
844 2580 880 2615 S.
937 2582 1007 2615 νυνὶ
1033 2583 1238 2628 γεγενῆσθαι
1264 2584 1376 2618 A.k.s.
1418 2585 1578 2630 γενέσθαι
1603 2586 1673 2618 νυνὶ
1697 2597 1729 2619 v,

1271 2647 1307 2664 ,α
1357 2634 1364 2646 “

214 2682 234 2709 g
253 2676 303 2710 τίς
323 2674 560 2720 γὰρ-ἕνδεκα
580 2687 649 2709 om.
672 2675 713 2709 F.
881 2673 900 2700 h
920 2676 1027 2723 ἀρχὴ]
1053 2677 1140 2722 ἀρχὴ
1163 2678 1205 2713 Ο.
1225 2645 1372 2724 Ὑίργζξη
1523 2677 1533 2704 i
1553 2679 1726 2726 ὀφλόντα]

216 2729 439 2762 Scribebatur
459 2727 628 2772 ὅφλοντα.
660 2728 806 2762 Correxi
826 2735 1010 2764 accentum
1028 2730 1085 2764 hic
1105 2737 1140 2765 et
1158 2732 1249 2766 infra
1268 2733 1328 2767 ubi
1348 2732 1504 2778 ὅφλοντα
1524 2739 1558 2766 et
1579 2732 1733 2776 ὅφλουσι

214 2782 333 2827 vulgo.
441 2778 453 2814 j
475 2784 536 2814 τοῦ
556 2782 659 2825 νόμου
679 2782 715 2814 in
735 2796 789 2827 γρ.
813 2783 850 2818 S.
963 2781 979 2804 ¹<
1001 2782 1111 2830 δήμῳ]
1137 2784 1230 2833 δήμῳ
1250 2785 1360 2833 τούτῳ
1379 2799 1407 2820 r.
1517 2783 1527 2810 l
1552 2784 1734 2829 ἐκκλησίαν

215 2847 286 2870 om.
308 2836 383 2869 A.s.
407 2840 441 2868 et
461 2846 514 2879 pr.
536 2835 571 2867 k.
668 2840 698 2858 m
719 2834 796 2881 ἕως]
822 2850 858 2869 τε
882 2835 925 2870 ὡς
947 2836 981 2870 S.
1012 2851 1049 2870 τε
1069 2837 1130 2872 ἕως
1148 2839 1252 2873 A.r.s.
1283 2840 1366 2874 τέως
1385 2839 1446 2874 ἕως
1465 2839 1501 2873 k.
1533 2839 1734 2885 Legebatur

214 2889 309 2923 τέως.
394 2894 412 2911 [¹
433 2887 510 2933 ἕως]
534 2901 570 2921 τε
591 2887 650 2923 ἕως
670 2888 778 2923 A.r.s.
809 2887 892 2924 τέως
911 2888 971 2924 ἕως
989 2890 1025 2923 k.
1055 2890 1255 2936 Legebatur
1274 2893 1367 2927 τέως.
1398 2892 1489 2926 τεὼσ
1503 2892 1538 2926 S.
1632 2898 1650 2916 0
1668 2893 1732 2926 πό-

215 2940 300 2986 τερ’]
325 2942 469 2986 πότερον
490 2941 596 2975 F.r.v.
707 2947 727 2974 P
747 2942 842 2988 οὐχὶ]
867 2943 906 2976 οὐ
926 2943 1039 2977 A.k.s.
1123 2948 1142 2977 q
1162 2944 1329 2991 φήσαιτε]
1354 2945 1489 2990 φὴσητε
1510 2946 1552 2979 Α.
1639 2949 1651 2965 f
1669 2946 1733 2990 μό-

217 2994 292 3041 νον]
317 2995 450 3039 μᾶλλον
470 2993 594 3029 F.O.V.
695 3002 708 3021 S
729 2995 807 3030 τοὺς
827 3007 897 3030 om.
921 3008 948 3030 s.
1046 2994 1060 3020 t
1079 2996 1169 3031 ἄλλο
1184 3012 1234 3034 τις
1254 2997 1361 3044 εὕροι]
1387 2997 1477 3044 εὖροι
1495 3013 1547 3034 τις
1565 2998 1654 3032 ι’ίλλο
1674 3011 1706 3033 V.
