1954 3273
23 164 180 223 —485,
198 184 247 214 17.
664 174 807 212 ΠΡΟΣ
838 174 1146 211 ΛΕΠΤΙΝΗΝ.
1577 168 1656 208 511

142 281 296 334 Ῐπᾶσι
343 289 438 337 τοῖς
483 284 651 337 ἄλλοις
693 283 1027 336 πολιτεύεσθαι
1068 282 1087 309 k
1108 282 1350 348 προσήκει,
1385 282 1459 331 ἐπὶ
1500 285 1660 345 καιροῦ
1673 306 1713 327 20

148 367 375 430 τεθέντας,
412 367 538 422 ὅπως
577 367 780 436 Ῑέτυχον,
811 367 875 432 μὴ
912 366 1281 430 δοκιμασθέντας
1320 365 1501 429 κυρίους
1531 362 1659 414 εἶναι.

58 469 129 496 101
150 456 225 503 καὶ
251 452 344 519 γάρ
370 476 440 504 τοι
466 453 571 504 τότε
596 453 693 517 μὲν,
720 455 844 507 Πλὲως
863 452 946 504 τὸν
971 451 1148 519 τρόπον
1166 457 1333 502 τοῦτον
1349 448 1662 512 ἐνομοθέτουν,

149 541 245 590 τοῖς
283 536 369 601 μὲν
410 536 677 604 ὑπάρχουσι
713 537 870 601 νόμοις
904 539 1122 604 ἐχρῶντο,
1158 533 1340 587 καινοὺς
1381 534 1418 583 δ’
1460 533 1541 583 οὐκ
1576 532 1664 581 ἐτί-

150 623 315 671 θεσαν·
357 620 512 685 ἐπειδὴ
552 628 571 647 ¹¹
592 620 640 671 δὲ
677 625 772 671 τῶν
809 619 1184 682 πολιτευομένων
1222 617 1339 670 τινὲς
1382 615 1714 680 δυνηθέντεςμ5

150 706 212 757 ὡς
250 704 342 769 ἐγὼ
385 704 692 768 πυνθάνομαι,
734 704 1088 755 κατεσκεύασαν
1126 703 1280 756 αὐτοῖς
1314 701 1480 770 ἐξεῖναι
1520 722 1660 763 νομο-

151 791 312 850 θετεῖν,
339 787 452 838 ὅταν
477 811 546 841 τις
571 789 803 852 βούληται
830 790 904 838 καὶ
936 787 989 838 ὃν
1016 786 1073 837 ἂν
1100 786 1219 854 τύχῃ
1245 786 1434 852 τρόπον,
1462 788 1661 834 Οτοσοῦ-

150 893 221 921 τοι
256 869 341 934 μὲν
366 875 408 921 οἱ
435 873 629 923 ἐναντίοι
655 873 830 940 σφίσιν
857 872 1011 924 αὐτοῖς
1050 874 1142 921 εἶσὶ
1183 869 1327 934 νόμοι,
1355 868 1507 918 Ρῶστε
1537 875 1557 901 ‘1
1566 890 1664 934 χει-

151 957 373 1020 ροτονεῖθ’
404 957 528 1020 ὑμεῖς
554 955 661 1010 τοὺς
688 956 1012 1024 Υδιαλέξοντας
1042 954 1149 1008 τοὺς
1174 954 1407 1006 ἐναντίους
1433 954 1506 1003 ἐπὶ
1532 950 1663 1013 πάμ-

60 1058 138 1087 102
152 1048 307 1091 πολυν
340 1040 429 1104 ἤδη
456 1040 640 1108 χρόνον,
667 1042 742 1091 καὶ
773 1040 826 1091 τὸ
853 1044 1053 1106 πρᾶγμα
1086 1037 1216 1089 οὐδὲν
1251 1043 1441 1101 μᾶλλον
1477 1034 1761 1087 δύναται485

150 1123 294 1190 πέρας
346 1135 361 1156 s
382 1124 514 1191 ἔχειν,
560 1123 893 1193 ψηφισμάτων
938 1127 978 1174 δ’
1026 1124 1118 1174 οὐδ’
1165 1125 1319 1173 ὁτιοῦν
1364 1121 1669 1188 διαφέρουσιν

150 1211 192 1258 οἱ
227 1206 374 1271 νόμοι,
416 1207 546 1258 ἀλλὰ
581 1208 793 1274 νεώτεροι
829 1212 870 1258 οἱ
905 1207 1049 1271 νόμοι,
1079 1208 1179 1257 καθ’
1208 1206 1285 1259 οὓς
1323 1204 1382 1255 τὰ
1408 1205 1669 1272 ψηφίσμα-

151 1314 211 1342 τα
249 1293 320 1342 δεῖ
350 1291 633 1359 γράφεσθαι,
667 1297 762 1342 τῶν
802 1290 1136 1360 ψηφισμάτων
1171 1290 1346 1340 ῑαύτῶν
1385 1290 1490 1351 ὑμῖν
1530 1288 1664 1337 εἰσίν·

152 1375 210 1426 ἵν’
235 1376 316 1426 οὖν
341 1375 406 1439 μὴ
433 1375 580 1441 λόγον
601 1376 754 1441 “λε’γω
780 1375 939 1438 μόνον,
965 1372 1096 1424 ἀλλὰ
1131 1375 1207 1424 καὶ
1239 1370 1321 1423 τὸν
1357 1369 1501 1435 νόμον
1527 1369 1697 1420 αὐτὸνΞ

154 1458 207 1509 ὅν
233 1463 354 1527 φημι
380 1460 530 1528 δείξω,
557 1458 685 1521 λαβέ
705 1482 784 1523 μοι
813 1457 896 1510 τὸν
922 1457 1065 1523 νόμον
1091 1458 1192 1509 καθ’
1221 1455 1274 1507 ὃν
1299 1454 1424 1520 ἦσαν
1451 1457 1493 1505 οἱ
1517 1453 1666 1520 νπρό-

152 1566 287 1610 τερον
314 1543 574 1608 νομοθέται.
617 1544 742 1610 λέγε.

800 1643 1022 1685 ΝΟΜΟΣ.

67 1751 140 1793 ¹03
229 1729 447 1779 ΧΣυνίεθ’
483 1727 572 1779 Υῧν
611 1727 801 1795 τρόπον,
830 1726 902 1778 Ζῶ
942 1728 1104 1794 ἄνδρες
1143 1727 1400 1790 Ἀθηναῖοι,
1443 1725 1467 1775 ὁ
1502 1723 1671 1775 Σόλων
1685 1748 1723 1770 10

156 1811 262 1865 τοὺς
297 1811 464 1875 νόμους
502 1814 564 1865 ὡς
599 1817 756 1866 καλῶς
797 1811 971 1862 κελεύει
1002 1812 1188 1872 τιθέναι,
1219 1814 1409 1876 πρῶτον
1444 1809 1527 1870 μὲν
1561 1809 1668 1875 παρ’

158 1896 277 1958 ὑμῖν,
317 1900 445 1948 ἢτοΐς
486 1894 776 1959 ὀμωμοκόσι,
816 1900 927 1961 παρ’
969 1894 1138 1960 οἷσπερ
1183 1896 1259 1945 καὶ
1303 1894 1464 1944 τᾶλλα
1508 1897 1673 1958 κυροῦ-

156 2001 246 2041 ται,
282 1978 437 2029 ἐ’πειτα
475 1979 651 2030 λύοντα
688 1979 795 2032 τους
841 1981 1087 2041 ἐναντίους,
1134 1979 1187 2029 ἵν’
1228 1977 1290 2031 εἷς
1330 1975 1360 2045 ᾗ
1399 1979 1504 2042 περὶ
1542 1975 1673 2036 ὗτῶν

160 2060 308 2112 ὄντων
346 2061 550 2113 ἑκάστου
590 2061 730 2125 νόμος
776 2064 850 2112 καὶ
892 2062 956 2126 μὴ
1002 2061 1110 2116 τοὺς
1154 2061 1336 2114 ἰδιώτας
1381 2060 1493 2111 αὐτὸ
1534 2065 1672 2110 τοῦτο

158 2143 364 2212 ταράττῃ
415 2147 490 2196 καὶ
540 2150 651 2213 ποιῇ
701 2150 794 2196 τῶν
839 2144 1048 2198 ἅπαντας
1107 2144 1295 2196 εἰδότων
1344 2143 1452 2196 τοὺς
1503 2141 1721 2206 νόμουςῐ5

158 2227 356 2278 ε”λαττον
404 2228 538 2295 ἔχειν,
588 2228 719 2279 ἀλλὰ
768 2233 917 2279 πᾶσιν
968 2227 998 2295 ᾗ
1050 2228 1230 2279 οταὺτὸι
1281 2230 1546 2292 ἀναγνῶναι
1596 2228 1673 2276 καὶ

67 2331 148 2370 104
157 2316 322 2376 μαθεῖν
367 2314 501 2364 ἁπλᾶ
541 2315 616 2363 καὶ
660 2316 798 2381 σαφῆ
843 2312 902 2364 τὰ
944 2314 1112 2364 δίκαια.
1168 2314 1243 2363 καὶ
1280 2310 1374 2377 πρὸ
1416 2310 1594 2361 τούτων
1629 2311 1669 2375 γ’

211 2481 221 2517 j
242 2484 329 2516 πᾶσι
348 2495 420 2518 om.
441 2484 522 2519 A.k.
636 2481 659 2510 k
679 2482 860 2530 προσήκει]
884 2471 1056 2528 προσῆκεειν
1076 2483 1117 2516 F.
1147 2482 1319 2528 προσῆκεν
1338 2487 1400 2517 t.v.
1500 2478 1510 2507 Ῑ
1530 2481 1669 2527 ἔτυχον]

157 2536 278 2580 ἔτυχεν
297 2536 411 2572 F.S.v.
487 2544 518 2562 m
538 2537 598 2573 ἕως
618 2539 789 2584 Augerus.
821 2537 1020 2582 Legebatur
1039 2537 1133 2571 τέως.
1219 2541 1239 2559 n
1260 2536 1296 2569 δέ
1316 2547 1386 2570 om.
1408 2547 1436 2570 s.
1512 2541 1530 2560 o
1550 2537 1673 2569 τοσοῦ-

160 2589 229 2634 τοι]
254 2592 422 2624 τοσοῦτον
441 2591 562 2625 Y.O.S.
692 2597 711 2624 P
731 2590 908 2624 ὥστε-οἱ
929 2591 1024 2633 νόμοι
1045 2601 1114 2623 om.
1132 2602 1158 2623 S.
1285 2597 1303 2625 <1
1324 2587 1560 2634 χειροτονεῖθ’]
1585 2589 1674 2633 ἐχει-

159 2643 324 2687 ροτονεῖθ’
345 2643 438 2678 Y.O.
535 2651 551 2669 Γ
570 2643 805 2689 διαλέξοντας]
829 2644 1048 2687 διαλέξοντας
1067 2648 1094 2677 t.
1189 2648 1203 2667 S
1223 2643 1314 2687 ἔχειν
1334 2642 1489 2677 A.F.k.l·.
1511 2647 1546 2676 et
1565 2654 1616 2687 pr.
1640 2642 1674 2674 S.

162 2695 362 2741 Legebatur
381 2699 491 2741 σχεῖν.
613 2697 623 2717 t
643 2699 753 2732 αὐτῶν
774 2709 842 2731 om.
863 2696 988 2731 Y.O.S.
1109 2702 1131 2720 ¹¹
1151 2697 1241 2741 λέγω
1261 2695 1381 2741 μόνον]
1406 2696 1509 2739 μόνον
1527 2697 1618 2740 λέγω
1638 2695 1674 2727 k.

161 2755 180 2774 V
195 2747 379 2794 πρότερον]
403 2752 562 2796 πρότεροι
581 2752 663 2785 A.k.
800 2756 817 2774 X
839 2749 983 2795 συνίεθ’]
1008 2747 1150 2783 συνίστε
1169 2750 1211 2784 Α.
1244 2747 1385 2783 σύνιστε
1406 2750 1442 2783 k.
1577 2753 1596 2780 Y
1617 2746 1671 2792 ὃν]

162 2801 232 2836 καθ’
254 2800 292 2834 ὃν
313 2802 352 2836 F.
510 2809 528 2828 Ζ
557 2801 583 2837 (3
601 2804 718 2850 ἄνδρες
741 2804 875 2849 (ἄνδρες
903 2815 974 2837 om.
996 2803 1093 2847 A.k.)
1113 2802 1284 2846 Ἀθηναῖοι
1304 2807 1385 2836 ante
1405 2801 1443 2835 ὃν
1461 2802 1590 2846 τρόπον
1609 2801 1676 2834 k.t.

162 2860 182 2880 a
201 2854 289 2901 τοῖς]
315 2855 514 2901 Legebatur
533 2857 568 2891 ἐν
587 2859 669 2892 τοῖς.
699 2857 734 2892 ἐν
754 2869 823 2892 om.
846 2857 884 2890 F.
906 2862 942 2891 et
960 2862 1136 2891 correctus
1157 2856 1201 2890 Ο.
1350 2852 1369 2879 b
1390 2858 1456 2889 τῶν
1477 2852 1583 2887 ὅντων
1602 2853 1676 2887 ἑκά-

163 2908 265 2954 στου]
291 2909 435 2943 ἑκάστου
455 2913 522 2944 τῶν
541 2909 647 2945 ὅντων
666 2923 692 2945 s.
805 2916 821 2936 ⁰
841 2909 963 2956 ταύτὰ]
987 2912 1092 2944 ταῦτα
1111 2911 1151 2944 A.
1182 2908 1275 2943 ταῦτ’
1297 2908 1482 2943 F.O.s.t.v.

224 2984 317 3010 VOL.
337 2984 385 3010 ΙΙΔ
944 2985 968 3011 F
