1954 3273
33 145 186 192 -5542
207 152 236 176 1.
703 137 843 174 ΚΑΤΑ
875 137 1126 174 ΜΕΙΔΙΟΎ.
1590 133 1669 173 581

156 250 312 317 φίλων
337 249 480 309 ἐστὶν,
508 247 566 297 ἄν
590 270 635 297 τι
661 250 836 297 δοκῶσι
871 245 1170 309 πεποιηκέναι
1201 243 1364 307 δεινὸν,
1396 244 1558 308 μηκέτι
1593 247 1675 307 τῆς

156 334 324 394 λοιπῆς
357 331 520 398 φιλίας
551 334 798 391 κοινωνεῖν,
824 327 878 379 τὸ
911 327 960 379 δὲ
993 332 1299 393 τιμωρεῖσθαι
1336 329 1412 378 καὶ
1449 326 1677 395 ἐπεξιέναι

155 420 251 468 τοῖς
285 413 548 465 πεπονθόσι
585 415 660 463 καὶ
698 417 795 466 τοῖς
829 414 1012 478 ἐχθροῖς
1044 411 1433 476 Ἷπαραλείπεται·
1477 410 1602 474 ὅμως
1633 411 1675 459 δ’

156 499 281 549 ε”στω
307 497 488 566 ι’τούτῳ
513 520 567 562 γε
593 495 874 561 συγγνώμη.
929 497 967 544 εἰ
1002 492 1050 544 δὲ
1082 498 1280 544 Ξλαλῶν
1314 492 1400 557 μὲν
1434 495 1510 543 καὶ
1545 494 1670 555 ὃμω-
1690 513 1707 545 5

155 581 322 650 ρόφιος
347 578 646 646 ῒγιγνόμενος
679 582 738 631 ὡς
774 577 904 628 οὐδὲν
930 576 1252 646 Πεῖργασμένῳ
1285 575 1565 645 φανήσεται,
1592 576 1672 626 λε’-

156 688 256 731 γων
294 664 341 714 δὲ
385 666 460 714 καὶ
498 662 856 727 καταιτιώμενος
894 662 1024 712 ταῦθ’
1065 660 1196 710 ἕνεκα
1239 665 1321 710 τοῦ
1362 663 1679 727 συκοφαντεῖν

158 747 248 811 ἐμὲ,
286 751 386 800 πῶς
425 748 478 797 οὐ
517 746 711 807 δεκάκις,
757 750 946 808 μᾶλλον
986 742 1034 793 δὲ
1079 742 1292 809 μυριάκις
1330 742 1537 796 Χδίκαιός
1577 744 1677 793 ἐστ’

68 849 146 891 152
160 830 491 892 ἀπολωλέναι,
547 829 677 880 ἀλλὰ
721 827 814 892 μὴν
853 831 914 882 ὡς
960 829 1115 892 ἀληθῆ
1160 827 1302 892 λε’γω,
1342 829 1417 877 καὶ
1461 830 1519 894 τῇ
1564 834 1583 861 y
1595 825 1680 890 μὲν
1697 849 1735 870 10

158 915 423 983 προτεραίᾳ,
470 916 545 965 ὅτε
596 916 720 965 ταῦτ’
763 914 937 979 ἔλεγεν,
983 911 1279 976 εἰσεληλύθει
1330 913 1405 962 καὶ
1457 912 1681 963 διείλεκτο

159 1000 327 1067 ἐκείνῳ,
372 1003 429 1065 τῇ
482 1000 522 1047 δ’
564 998 788 1066 ὑστεραίᾳ
832 996 1012 1048 Ζπάλιν
1058 997 1217 1061 (τοῦτο
1262 995 1368 1062 γὰρ,
1412 1002 1552 1047 τοῦτο
1598 997 1682 1046 οὐκ

159 1082 301 1149 ᾶὲχον
347 1084 477 1132 ἐστὶν
528 1080 799 1145 ὑπερβολὴν
850 1081 1158 1146 ἀκαθαρσίας,
1205 1080 1369 1146 ἄνδρες
1414 1083 1678 1148 Ἀθηναῖοι)

161 1164 389 1216 εἰσελθών
428 1165 579 1215 οἴκαδε
620 1167 681 1218 ὡς
718 1166 888 1214 ἐκεῖνον
926 1166 1002 1214 καὶ
1040 1164 1209 1232 ἐφεξῆς
1248 1165 1423 1213 οὑτωσὶ
1456 1161 1677 1229 1’καθιζό-

71 1270 147 1312 153
162 1272 313 1314 μενος,
341 1247 426 1313 τὴν
453 1248 609 1316 δεξιὰν
638 1246 875 1312 ἐμβαλὼν,
900 1245 1149 1313 παρόντων
1181 1251 1395 1309 πολλῶν,
1425 1246 1543 1311 μετὰ
1575 1244 1681 1299 τοὺς
1696 1265 1733 1297 15

161 1337 210 1385 ἐν
235 1339 293 1402 τῇ
317 1337 474 1401 βουλῇ
500 1333 690 1386 τούτους
723 1332 909 1398 λόγους,
936 1334 984 1382 ἐν
1011 1331 1078 1385 οῖς
1104 1331 1352 1397 αὐτόχειρα
1385 1333 1461 1381 καὶ
1493 1330 1553 1381 τὰ
1584 1334 1676 1381 δει-

164 1417 316 1468 νότατ’
344 1416 509 1484 εἰρήκει
544 1417 625 1467 τὸν
658 1418 994 1483 Ἀρίσταρχον,
1024 1414 1176 1479 ὤμνυε
1214 1414 1300 1478 μὲν
1334 1415 1432 1465 κατ’
1460 1415 1682 1483 ἐξωλείας

163 1502 305 1566 μηδὲν
343 1501 567 1567 εἰρηκέναι
602 1503 736 1567 οπερὶ
775 1502 917 1551 αὐτοῦ
951 1498 1188 1569 ἀφαῦλον,
1223 1500 1297 1549 καὶ
1340 1497 1472 1549 οὐδὲν
1505 1496 1678 1566 ἐφρόν-

165 1586 283 1651 τιζεν
309 1587 548 1651 ἐπιορκῶν,
571 1587 645 1635 καὶ
671 1590 818 1635 ταῦτα
843 1583 1090 1650 παρόντων
1115 1587 1209 1633 τῶν
1233 1580 1529 1644 συνειδότων,
1549 1582 1684 1650 ἠξίου

167 1669 215 1719 δὲ
255 1671 328 1719 καὶ
365 1667 484 1734 πρὸς
522 1667 598 1730 ἐμὲ
637 1669 762 1736 αὐτῷ
802 1669 856 1717 δι’
894 1668 1066 1717 ἐκείνου
1104 1667 1352 1731 γίγνεσθαι
1390 1664 1473 1718 τὰς
1512 1664 1679 1715 διαλύ-
1698 1686 1740 1709 20

78 1774 281 1817 ῐ54σεις,
308 1752 511 1802 θτούτων
536 1750 642 1804 τοὺς
674 1750 911 1817 παρόντας
947 1752 1053 1812 ὑμῖν
1086 1754 1217 1800 καλῶ
1245 1747 1520 1815 ξμάρτυρας.
1576 1749 1682 1799 καί·

167 1858 238 1885 τοι
265 1839 365 1888 πῶς
392 1835 445 1884 οὐ
471 1834 633 1896 δεινὸν,
653 1832 689 1884 ὦ
717 1835 879 1899 ἄνδρες
903 1835 1159 1896 Ἀθηναῖοι,
1185 1837 1375 1894 μᾶλλον
1398 1831 1446 1882 δὲ
1472 1839 1493 1866 g
1500 1831 1686 1893 ἀσεβὲς,

1528 1913 1550 1941 h

168 1918 324 1982 λέγειν
363 1920 425 1970 ὡς
463 1916 643 1984 φονεὺς,
680 1919 755 1967 καὶ
789 1916 937 1968 πάλιν
971 1919 1033 1969 ὡς
1068 1916 1151 1966 οὑκ
1186 1915 1335 1981 ε’ίρηκε
1374 1916 1500 1965 ταῦτ’
1560 1917 1682 1965 ἀπο·
1700 1938 1738 1970 25

168 1999 349 2064 μνύναι,
370 2002 444 2050 καὶ
472 1998 619 2068 φόνον
646 1999 730 2063 μὲν
757 1999 997 2065 ὀνειδίζειν,
1019 1998 1169 2067 τούτῳ
1196 2002 1257 2049 ἰδ’
1281 1998 1552 2066 ὁμωρόφιον
1573 1999 1682 2063 γίγ-

170 2088 363 2143 νεσθαι;
407 2081 494 2133 κάν
519 2083 603 2147 μὲν
624 2085 732 2150 ἀφῶ
758 2088 924 2133 τοῦτον
948 2081 1040 2147 ἐγὼ
1067 2084 1141 2132 καὶ
1167 2085 1328 2147 προδῶ
1355 2081 1440 2146 τὴν
1467 2081 1690 2147 ὑμετέραν

913 2163 934 2191 k
958 2167 968 2180 5

170 2167 590 2233 καταχειροτονίαν,
629 2165 773 2228 οὐδὲν,
813 2168 875 2218 ὡς
950 2165 1071 2227 ἔοικ’,
1106 2167 1262 2215 ἀδικῶ·
1307 2164 1391 2215 Ῑᾶν
1429 2169 1470 2215 δ’
1506 2165 1688 2233 ἐπεξίω,

172 2250 374 2301 λέλοιπα
410 2250 495 2314 τὴν
532 2249 680 2318 τάξιν,
721 2249 869 2318 φόνου
908 2253 1126 2312 κοινωνῶ,
1163 2252 1235 2300 δεῖ
1268 2271 1326 2313 με
1365 2247 1685 2315 ἀνηρπάσθαι.
1703 2269 1790 2311 554

227 2374 247 2401 q
265 2366 508 2413 παραλείπεται
525 2368 729 2403 P.S.Y.O.s.
757 2368 977 2402 ὑπολείπεται
992 2369 1102 2403 A.k.r.
1130 2368 1368 2403 καταλείπεται
1382 2369 1502 2414 vulgo.
1577 2375 1592 2394 Γ
1611 2366 1690 2402 τού-

174 2421 238 2469 τῳ]
261 2420 364 2455 τοῦτο’
382 2422 418 2456 k.
583 2427 598 2446 s
618 2423 734 2455 λαλῶν
754 2422 898 2455 F.S.t.v.
919 2433 1000 2455 eum
1021 2434 1075 2467 pr.
1093 2422 1135 2455 A.
1157 2422 1211 2467 (in
1231 2434 1301 2467 quo
1320 2421 1434 2467 prima
1452 2421 1553 2455 litera
1572 2422 1687 2465 erasa)

175 2506 331 2552 margine
356 2506 399 2540 O.
428 2512 463 2540 et
492 2512 647 2541 correcto
673 2507 713 2541 P.
756 2506 873 2540 ἄλλων
898 2507 973 2541 Y.s.
998 2512 1034 2541 et
1061 2519 1114 2552 pr.
1137 2506 1181 2541 O.
1209 2477 1316 2541 λαλῶν
1332 2508 1394 2551 μέν
1422 2507 1458 2540 k.
1500 2508 1636 2550 μᾶλλον
1663 2518 1692 2540 r.

176 2558 191 2583 t
209 2558 423 2604 γιγνόμενος]
447 2561 625 2604 γενόμενος
644 2560 757 2593 A.k.r.
830 2566 850 2585 U
871 2559 1099 2607 εἰργασμένῳ]
1122 2559 1353 2606 εἰργασμένων
1371 2559 1458 2594 Y.O.
1525 2565 1547 2584 Χ
1567 2559 1694 2594 δίκαιος

177 2617 257 2656 post
276 2611 489 2645 ἀπολωλέναι
509 2612 612 2646 F.·c.v.
714 2618 733 2645 y
752 2612 813 2655 μὲν
831 2624 900 2646 0111.
918 2612 1243 2647 F.P.S.Y.O.s.t.v.
1343 2618 1360 2637 Ζ
1380 2612 1504 2658 πάλιν]
1529 2612 1634 2646 πάλιν
1652 2610 1694 2645 αὖ

176 2665 292 2698 A.k.r.
350 2669 369 2688 a
386 2663 483 2708 ἕχον]
508 2665 595 2708 ἔχων
614 2665 689 2699 Α.1·.
745 2661 765 2689 b
786 2665 1015 2710 καθιξόμενος]
1041 2666 1259 2709 καθέζομενος
1278 2666 1499 2700 A.F.k.r.t.V.
1557 2669 1573 2689 θ
1592 2664 1688 2709 περὶ]

177 2715 247 2750 κατ’
264 2717 374 2749 A.k.r.
468 2713 487 2740 d
507 2718 642 2761 φαῦλον
663 2716 875 2751 P.S.Y.O.S.
911 2718 1111 2763 Legebatur
1130 2719 1299 2763 φλαῦρον.
1386 2723 1402 2742 0
1422 2716 1552 2751 τούτων
1574 2717 1609 2750 S.
1640 2717 1694 2750 καὶ

177 2768 307 2802 τούτων
325 2769 441 2813 vulgo.
578 2767 594 2793 f
611 2770 696 2803 Post
714 2771 885 2815 μάρτυρας
903 2771 1009 2816 vulgo
1029 2771 1187 2804 additum
1208 2775 1447 2810 ΜΑΡΤΥΡΕΣ,
1469 2781 1540 2804 om.
1564 2770 1604 2804 P.
1650 2769 1694 2802 In

177 2833 249 2854 uuo
269 2821 447 2866 alteroque
467 2821 584 2855 codice
603 2821 769 2867 μαρτυρία
791 2822 959 2867 scriptum
979 2828 1042 2864 est,
1058 2828 1099 2857 ut
1117 2823 1154 2857 in
1176 2824 1212 2857 S.
1295 2827 1312 2850 g
1330 2822 1473 2867 ἀσεβὲς]
1498 2821 1645 2867 ἀσελγές
1663 2833 1692 2855 r.

178 2870 199 2897 1¹
219 2873 406 2917 ἀπομνύναι
425 2874 477 2907 καὶ
497 2874 622 2919 φόνον]
647 2873 830 2918 ἐπομνύναι
850 2876 902 2909 καὶ
921 2877 1030 2920 φόνου
1051 2888 1079 2910 r.
1177 2873 1187 2900 i
1208 2874 1237 2910 δ’
1257 2874 1471 2920 ὁμωρόφιον]
1496 2875 1695 2919 ὁμωρόφιον

179 2926 215 2959 δὲ
235 2937 411 2960 correccus
431 2925 475 2961 O.
585 2924 606 2951 k
625 2926 703 2961 ἔοικ’
727 2927 935 2963 P.S.Y.O.s,
965 2929 1071 2962 ἔοικεν
1090 2929 1208 2974 vulgo.
1321 2925 1331 2954 l
1351 2925 1407 2973 ἂν]
1432 2927 1489 2961 ἐὰν
1508 2927 1581 2960 A.r.
