<?xml version="1.0" encoding="UTF-8"?>
<!DOCTYPE html PUBLIC "-//W3C//DTD XHTML 1.0 Transitional//EN"
    "http://www.w3.org/TR/xhtml1/DTD/xhtml1-transitional.dtd">
<html xmlns="http://www.w3.org/1999/xhtml" xml:lang="en" lang="en">
 <head>
  <title>
</title>
<meta http-equiv="Content-Type" content="text/html;charset=utf-8" />
  <meta name='ocr-system' content='tesseract 3.04.00' />
  <meta name='ocr-capabilities' content='ocr_page ocr_carea ocr_par ocr_line ocrx_word'/>
</head>
<body>
  <div class='ocr_page' id='page_1' title='image "./operaexrecension02demouoft_0193.png"; bbox 0 0 1954 3273; ppageno 0'>
   <div class='ocr_carea' id='block_1_1' title="bbox 0 0 12 251">
    <p class='ocr_par' dir='ltr' id='par_1_1' title="bbox 0 0 12 251">
     <span class='ocr_line' id='line_1_1' title="bbox 0 0 12 251; baseline 0 3022"><span class='ocrx_word' id='word_1_1' title='bbox 0 0 12 251; x_wconf 95' lang='lat' dir='ltr'> </span> 
     </span>
    </p>
   </div>
   <div class='ocr_carea' id='block_1_2' title="bbox 73 155 1710 209">
    <p class='ocr_par' dir='ltr' id='par_1_2' title="bbox 73 155 1710 209">
     <span class='ocr_line' id='line_1_2' title="bbox 73 155 1710 209; baseline 0.002 -15"><span class='ocrx_word' id='word_1_2' title='bbox 73 155 156 194; x_wconf 91' lang='lat'>-6</span> <span class='ocrx_word' id='word_1_3' title='bbox 159 167 182 209; x_wconf 85' lang='lat'>3</span> <span class='ocrx_word' id='word_1_4' title='bbox 187 167 226 207; x_wconf 80' lang='lat'>5,</span> <span class='ocrx_word' id='word_1_5' title='bbox 240 172 273 197; x_wconf 82' lang='lat'>9.</span> <span class='ocrx_word' id='word_1_6' title='bbox 603 158 745 195; x_wconf 77' lang='grc' dir='ltr'>ΚΑΤΑ</span> <span class='ocrx_word' id='word_1_7' title='bbox 779 157 1238 195; x_wconf 67' lang='grc' dir='ltr'>ΑΡΙΣΤΟΚΡΑΤΟΎΣ.</span> <span class='ocrx_word' id='word_1_8' title='bbox 1626 155 1710 198; x_wconf 89' lang='grc'>665</span> 
     </span>
    </p>
   </div>
   <div class='ocr_carea' id='block_1_3' title="bbox 128 267 1764 658">
    <p class='ocr_par' dir='ltr' id='par_1_3' title="bbox 128 267 1764 658">
     <span class='ocr_line' id='line_1_3' title="bbox 196 267 1704 337; baseline 0.001 -19"><span class='ocrx_word' id='word_1_9' title='bbox 196 268 443 336; x_wconf 79' lang='grc' dir='ltr'>τρίψομεν·</span> <span class='ocrx_word' id='word_1_10' title='bbox 486 273 524 319; x_wconf 81' lang='grc' dir='ltr'>εἱ</span> <span class='ocrx_word' id='word_1_11' title='bbox 558 272 599 319; x_wconf 85' lang='grc' dir='ltr'>δ’</span> <span class='ocrx_word' id='word_1_12' title='bbox 639 268 897 337; x_wconf 56' lang='grc' dir='ltr'>Γέπέξιμεν,</span> <span class='ocrx_word' id='word_1_13' title='bbox 936 267 1004 321; x_wconf 72' lang='grc' dir='ltr'>οἷς</span> <span class='ocrx_word' id='word_1_14' title='bbox 1033 268 1300 334; x_wconf 80' lang='grc' dir='ltr'>ἐγνώκαμεν</span> <span class='ocrx_word' id='word_1_15' title='bbox 1339 270 1494 320; x_wconf 58' lang='grc' dir='ltr'>Βαύτοὶ</span> <span class='ocrx_word' id='word_1_16' title='bbox 1533 270 1704 320; x_wconf 89' lang='grc' dir='ltr'>τάναν-</span> 
     </span>
     <span class='ocr_line' id='line_1_4' title="bbox 197 348 1710 417; baseline 0 -17"><span class='ocrx_word' id='word_1_17' title='bbox 197 351 273 400; x_wconf 88' lang='grc' dir='ltr'>τία</span> <span class='ocrx_word' id='word_1_18' title='bbox 310 350 530 417; x_wconf 80' lang='grc' dir='ltr'>πράττειν</span> <span class='ocrx_word' id='word_1_19' title='bbox 556 349 1033 415; x_wconf 83' lang='grc' dir='ltr'>ἀναγκασθησόμεθα.</span> <span class='ocrx_word' id='word_1_20' title='bbox 1080 349 1172 416; x_wconf 80' lang='grc' dir='ltr'>ἀρά</span> <span class='ocrx_word' id='word_1_21' title='bbox 1196 374 1249 416; x_wconf 93' lang='grc' dir='ltr'>γε</span> <span class='ocrx_word' id='word_1_22' title='bbox 1275 351 1442 417; x_wconf 84' lang='grc' dir='ltr'>μικρὸν</span> <span class='ocrx_word' id='word_1_23' title='bbox 1478 348 1507 415; x_wconf 84' lang='grc' dir='ltr'>ὴ</span> <span class='ocrx_word' id='word_1_24' title='bbox 1541 349 1594 400; x_wconf 80' lang='grc' dir='ltr'>τὸ</span> <span class='ocrx_word' id='word_1_25' title='bbox 1631 373 1710 400; x_wconf 85' lang='grc' dir='ltr'>τυ-</span> 
     </span>
     <span class='ocr_line' id='line_1_5' title="bbox 195 431 1473 503; baseline 0.002 -19"><span class='ocrx_word' id='word_1_26' title='bbox 195 431 282 500; x_wconf 89' lang='grc' dir='ltr'>χόν</span> <span class='ocrx_word' id='word_1_27' title='bbox 307 436 452 493; x_wconf 85' lang='grc' dir='ltr'>ἐστιν,</span> <span class='ocrx_word' id='word_1_28' title='bbox 481 434 594 500; x_wconf 77' lang='grc' dir='ltr'>ὑπὲρ</span> <span class='ocrx_word' id='word_1_29' title='bbox 620 434 673 484; x_wconf 77' lang='grc' dir='ltr'>οὗ</span> <span class='ocrx_word' id='word_1_30' title='bbox 698 434 790 484; x_wconf 58' lang='grc' dir='ltr'>ἴδεῖ</span> <span class='ocrx_word' id='word_1_31' title='bbox 809 439 956 484; x_wconf 84' lang='grc' dir='ltr'>λῦσαι</span> <span class='ocrx_word' id='word_1_32' title='bbox 981 433 1035 485; x_wconf 82' lang='grc' dir='ltr'>τὸ</span> <span class='ocrx_word' id='word_1_33' title='bbox 1062 435 1299 503; x_wconf 80' lang='grc' dir='ltr'>ψήφισμα</span> <span class='ocrx_word' id='word_1_34' title='bbox 1326 436 1473 499; x_wconf 79' lang='grc' dir='ltr'>ὑμᾶςς</span> 
     </span>
     <span class='ocr_line' id='line_1_6' title="bbox 128 515 1764 583; baseline 0.002 -17"><span class='ocrx_word' id='word_1_35' title='bbox 128 537 183 578; x_wconf 84' lang='grc'>49</span> <span class='ocrx_word' id='word_1_36' title='bbox 272 517 393 583; x_wconf 92' lang='grc' dir='ltr'>Λέγε</span> <span class='ocrx_word' id='word_1_37' title='bbox 421 517 476 583; x_wconf 83' lang='grc' dir='ltr'>δὴ</span> <span class='ocrx_word' id='word_1_38' title='bbox 502 517 584 569; x_wconf 83' lang='grc' dir='ltr'>τὸν</span> <span class='ocrx_word' id='word_1_39' title='bbox 610 515 756 582; x_wconf 73' lang='grc' dir='ltr'>ιιμετόι</span> <span class='ocrx_word' id='word_1_40' title='bbox 780 523 928 568; x_wconf 87' lang='grc' dir='ltr'>ταῦτα</span> <span class='ocrx_word' id='word_1_41' title='bbox 955 517 1111 581; x_wconf 92' lang='grc' dir='ltr'>νόμον.</span> <span class='ocrx_word' id='word_1_42' title='bbox 1726 547 1764 569; x_wconf 86' lang='grc' dir='ltr'>ιο</span> 
     </span>
     <span class='ocr_line' id='line_1_7' title="bbox 840 617 1063 658; baseline 0 -1"><span class='ocrx_word' id='word_1_43' title='bbox 840 617 1063 658; x_wconf 74' lang='grc' dir='ltr'>ΝΟΜΟΣ.</span> 
     </span>
    </p>
   </div>
   <div class='ocr_carea' id='block_1_4' title="bbox 250 692 1712 817">
    <p class='ocr_par' dir='ltr' id='par_1_4' title="bbox 250 692 1712 817">
     <span class='ocr_line' id='line_1_8' title="bbox 307 692 1709 747; baseline -0.001 -13"><span class='ocrx_word' id='word_1_44' title='bbox 307 692 406 734; x_wconf 84' lang='grc' dir='ltr'>Ἐάν</span> <span class='ocrx_word' id='word_1_45' title='bbox 426 696 479 737; x_wconf 84' lang='grc' dir='ltr'>τίς</span> <span class='ocrx_word' id='word_1_46' title='bbox 500 705 618 735; x_wconf 59' lang='grc' dir='ltr'>ςγτινα</span> <span class='ocrx_word' id='word_1_47' title='bbox 648 698 725 734; x_wconf 84' lang='grc' dir='ltr'>τῶν</span> <span class='ocrx_word' id='word_1_48' title='bbox 753 695 1010 747; x_wconf 81' lang='grc' dir='ltr'>ἀνδροφόνων</span> <span class='ocrx_word' id='word_1_49' title='bbox 1034 698 1111 734; x_wconf 81' lang='grc' dir='ltr'>τῶν</span> <span class='ocrx_word' id='word_1_50' title='bbox 1141 692 1450 745; x_wconf 79' lang='grc' dir='ltr'>ἐξεληλυθότων,</span> <span class='ocrx_word' id='word_1_51' title='bbox 1474 694 1528 733; x_wconf 77' lang='grc' dir='ltr'>ὧν</span> <span class='ocrx_word' id='word_1_52' title='bbox 1547 695 1595 733; x_wconf 83' lang='grc' dir='ltr'>τὰ</span> <span class='ocrx_word' id='word_1_53' title='bbox 1615 693 1709 746; x_wconf 83' lang='grc' dir='ltr'>χρή-</span> 
     </span>
     <span class='ocr_line' id='line_1_9' title="bbox 250 760 1712 817; baseline 0.001 -17"><span class='ocrx_word' id='word_1_54' title='bbox 250 778 353 811; x_wconf 88' lang='grc' dir='ltr'>ματα</span> <span class='ocrx_word' id='word_1_55' title='bbox 374 763 542 812; x_wconf 83' lang='grc' dir='ltr'>ἐπίτιμα,</span> <span class='ocrx_word' id='word_1_56' title='bbox 570 761 664 814; x_wconf 80' lang='grc' dir='ltr'>πέρα</span> <span class='ocrx_word' id='word_1_57' title='bbox 685 763 809 813; x_wconf 67' lang='grc' dir='ltr'>Χὸρου</span> <span class='ocrx_word' id='word_1_58' title='bbox 832 763 978 813; x_wconf 84' lang='grc' dir='ltr'>ἐλαύνῃ</span> <span class='ocrx_word' id='word_1_59' title='bbox 1005 761 1028 812; x_wconf 77' lang='grc' dir='ltr'>ἢ</span> <span class='ocrx_word' id='word_1_60' title='bbox 1055 761 1156 814; x_wconf 82' lang='grc' dir='ltr'>φέρῃ</span> <span class='ocrx_word' id='word_1_61' title='bbox 1183 760 1206 812; x_wconf 76' lang='grc' dir='ltr'>ἢ</span> <span class='ocrx_word' id='word_1_62' title='bbox 1229 762 1317 817; x_wconf 80' lang='grc' dir='ltr'>ἄγῃ,</span> <span class='ocrx_word' id='word_1_63' title='bbox 1341 763 1388 802; x_wconf 79' lang='grc' dir='ltr'>τὰ</span> <span class='ocrx_word' id='word_1_64' title='bbox 1409 763 1478 801; x_wconf 85' lang='grc' dir='ltr'>ἴσα</span> <span class='ocrx_word' id='word_1_65' title='bbox 1500 774 1516 798; x_wconf 68' lang='lat'><em>5</em></span> <span class='ocrx_word' id='word_1_66' title='bbox 1531 762 1712 813; x_wconf 84' lang='grc' dir='ltr'>ὀφείλειν</span> 
     </span>
    </p>
   </div>
   <div class='ocr_carea' id='block_1_5' title="bbox 847 829 864 838">
    <p class='ocr_par' dir='ltr' id='par_1_5' title="bbox 847 829 864 838">
     <span class='ocr_line' id='line_1_10' title="bbox 847 829 864 838; baseline 0 0"><span class='ocrx_word' id='word_1_67' title='bbox 847 829 864 838; x_wconf 64' lang='grc' dir='ltr'>Α</span> 
     </span>
    </p>
   </div>
   <div class='ocr_carea' id='block_1_6' title="bbox 128 829 1810 1906">
    <p class='ocr_par' dir='ltr' id='par_1_6' title="bbox 128 829 1810 1906">
     <span class='ocr_line' id='line_1_11' title="bbox 252 829 1761 885; baseline 0 -17"><span class='ocrx_word' id='word_1_68' title='bbox 252 829 329 869; x_wconf 86' lang='grc' dir='ltr'>ὅσα</span> <span class='ocrx_word' id='word_1_69' title='bbox 346 846 431 881; x_wconf 83' lang='grc' dir='ltr'>περ,</span> <span class='ocrx_word' id='word_1_70' title='bbox 456 838 473 856; x_wconf 82' lang='lat'>²</span> <span class='ocrx_word' id='word_1_71' title='bbox 489 829 537 869; x_wconf 78' lang='grc' dir='ltr'>ἂν</span> <span class='ocrx_word' id='word_1_72' title='bbox 559 831 602 869; x_wconf 85' lang='grc' dir='ltr'>ἐν</span> <span class='ocrx_word' id='word_1_73' title='bbox 623 830 667 880; x_wconf 82' lang='grc' dir='ltr'>τῇ</span> <span class='ocrx_word' id='word_1_74' title='bbox 689 830 865 885; x_wconf 84' lang='grc' dir='ltr'>ἡμεδαπῃ</span> <span class='ocrx_word' id='word_1_75' title='bbox 886 836 901 852; x_wconf 60' lang='lat' dir='ltr'>a</span> <span class='ocrx_word' id='word_1_76' title='bbox 915 829 1050 881; x_wconf 80' lang='grc' dir='ltr'>δράσῃ.</span> <span class='ocrx_word' id='word_1_77' title='bbox 1726 836 1761 868; x_wconf 86' lang='lat'>¹5</span> 
     </span>
     <span class='ocr_line' id='line_1_12' title="bbox 128 912 1712 980; baseline 0.003 -18"><span class='ocrx_word' id='word_1_78' title='bbox 128 935 185 976; x_wconf 84' lang='lat'>50</span> <span class='ocrx_word' id='word_1_79' title='bbox 261 913 451 969; x_wconf 79' lang='grc' dir='ltr'>”Αλλος</span> <span class='ocrx_word' id='word_1_80' title='bbox 490 915 635 976; x_wconf 78' lang='grc' dir='ltr'>οὗτος,</span> <span class='ocrx_word' id='word_1_81' title='bbox 675 912 711 964; x_wconf 73' lang='grc' dir='ltr'><em>ὦ</em></span> <span class='ocrx_word' id='word_1_82' title='bbox 747 914 910 980; x_wconf 77' lang='grc' dir='ltr'>ἄνδρες</span> <span class='ocrx_word' id='word_1_83' title='bbox 940 915 1197 978; x_wconf 83' lang='grc' dir='ltr'>Ἀθηναῖοι,</span> <span class='ocrx_word' id='word_1_84' title='bbox 1231 913 1371 977; x_wconf 86' lang='grc' dir='ltr'>νόμος</span> <span class='ocrx_word' id='word_1_85' title='bbox 1406 915 1712 980; x_wconf 87' lang='grc' dir='ltr'>ἀνθρωπίνως</span> 
     </span>
     <span class='ocr_line' id='line_1_13' title="bbox 195 997 1707 1066; baseline 0 -18"><span class='ocrx_word' id='word_1_86' title='bbox 195 1000 271 1048; x_wconf 78' lang='grc' dir='ltr'>καὶ</span> <span class='ocrx_word' id='word_1_87' title='bbox 297 1003 454 1052; x_wconf 80' lang='grc' dir='ltr'>καλῶς</span> <span class='ocrx_word' id='word_1_88' title='bbox 488 999 706 1062; x_wconf 77' lang='grc' dir='ltr'>κείμενος,</span> <span class='ocrx_word' id='word_1_89' title='bbox 734 997 786 1049; x_wconf 84' lang='grc' dir='ltr'>δν</span> <span class='ocrx_word' id='word_1_90' title='bbox 812 997 1032 1064; x_wconf 75' lang='grc' dir='ltr'>παραβὰς</span> <span class='ocrx_word' id='word_1_91' title='bbox 1063 999 1196 1052; x_wconf 75' lang='grc' dir='ltr'>οὗτος</span> <span class='ocrx_word' id='word_1_92' title='bbox 1232 999 1401 1062; x_wconf 81' lang='grc' dir='ltr'>ὁμοίως</span> <span class='ocrx_word' id='word_1_93' title='bbox 1427 997 1707 1066; x_wconf 87' lang='grc' dir='ltr'>φανήσεται.</span> 
     </span>
     <span class='ocr_line' id='line_1_14' title="bbox 193 1080 1713 1150; baseline 0 -18"><span class='ocrx_word' id='word_1_94' title='bbox 193 1081 273 1132; x_wconf 79' lang='grc' dir='ltr'>εὀἷν</span> <span class='ocrx_word' id='word_1_95' title='bbox 298 1082 366 1136; x_wconf 88' lang='grc' dir='ltr'>τίς</span> <span class='ocrx_word' id='word_1_96' title='bbox 391 1105 494 1132; x_wconf 89' lang='grc' dir='ltr'>τινα</span> <span class='ocrx_word' id='word_1_97' title='bbox 520 1086 614 1132; x_wconf 80' lang='grc' dir='ltr'>τῶν</span> <span class='ocrx_word' id='word_1_98' title='bbox 634 1082 952 1150; x_wconf 84' lang='grc' dir='ltr'>ἀνδροφόνων,</span> <span class='ocrx_word' id='word_1_99' title='bbox 977 1085 1113 1149; x_wconf 76' lang='grc' dir='ltr'>φησὶ,</span> <span class='ocrx_word' id='word_1_100' title='bbox 1134 1087 1227 1132; x_wconf 77' lang='grc' dir='ltr'>τῶν</span> <span class='ocrx_word' id='word_1_101' title='bbox 1255 1080 1625 1150; x_wconf 74' lang='grc' dir='ltr'>ἐξεληλυθότων,</span> <span class='ocrx_word' id='word_1_102' title='bbox 1648 1080 1713 1132; x_wconf 76' lang='grc' dir='ltr'>ὧν</span> 
     </span>
     <span class='ocr_line' id='line_1_15' title="bbox 193 1163 1766 1234; baseline 0.001 -19"><span class='ocrx_word' id='word_1_103' title='bbox 193 1164 253 1215; x_wconf 77' lang='grc' dir='ltr'>τὰ</span> <span class='ocrx_word' id='word_1_104' title='bbox 291 1165 510 1232; x_wconf 84' lang='grc' dir='ltr'>χρήματα</span> <span class='ocrx_word' id='word_1_105' title='bbox 555 1167 752 1228; x_wconf 82' lang='grc' dir='ltr'>ἐπίτιμα.</span> <span class='ocrx_word' id='word_1_106' title='bbox 792 1170 886 1216; x_wconf 80' lang='grc' dir='ltr'>τῶν</span> <span class='ocrx_word' id='word_1_107' title='bbox 927 1167 998 1216; x_wconf 81' lang='grc' dir='ltr'>ἐπ’</span> <span class='ocrx_word' id='word_1_108' title='bbox 1032 1166 1238 1234; x_wconf 72' lang='grc' dir='ltr'>ἀκουσίῳ</span> <span class='ocrx_word' id='word_1_109' title='bbox 1281 1163 1413 1234; x_wconf 79' lang='grc' dir='ltr'>φόνῳ</span> <span class='ocrx_word' id='word_1_110' title='bbox 1454 1165 1582 1231; x_wconf 88' lang='grc' dir='ltr'>λέγει</span> <span class='ocrx_word' id='word_1_111' title='bbox 1623 1188 1706 1228; x_wconf 89' lang='grc' dir='ltr'>με·</span> <span class='ocrx_word' id='word_1_112' title='bbox 1725 1189 1766 1210; x_wconf 79' lang='lat'>20</span> 
     </span>
     <span class='ocr_line' id='line_1_16' title="bbox 195 1247 1712 1319; baseline 0 -20"><span class='ocrx_word' id='word_1_113' title='bbox 195 1250 506 1314; x_wconf 87' lang='grc' dir='ltr'>θεστηκότων.</span> <span class='ocrx_word' id='word_1_114' title='bbox 546 1254 612 1319; x_wconf 70' lang='grc' dir='ltr'>τῷ</span> <span class='ocrx_word' id='word_1_115' title='bbox 633 1256 770 1300; x_wconf 76' lang='grc' dir='ltr'>τοῦτο</span> <span class='ocrx_word' id='word_1_116' title='bbox 789 1252 935 1313; x_wconf 79' lang='grc' dir='ltr'>δῆλον</span> <span class='ocrx_word' id='word_1_117' title='bbox 958 1270 969 1310; x_wconf 81' lang='grc'>;</span> <span class='ocrx_word' id='word_1_118' title='bbox 1013 1254 1079 1318; x_wconf 70' lang='grc' dir='ltr'>τῷ</span> <span class='ocrx_word' id='word_1_119' title='bbox 1104 1272 1153 1299; x_wconf 92' lang='grc' dir='ltr'>τε</span> <span class='ocrx_word' id='word_1_120' title='bbox 1179 1247 1535 1317; x_wconf 72' lang='grc' dir='ltr'>ἐξεληλυθότων</span> <span class='ocrx_word' id='word_1_121' title='bbox 1555 1253 1712 1312; x_wconf 78' lang='grc' dir='ltr'>εἰπεῖν,</span> 
     </span>
     <span class='ocr_line' id='line_1_17' title="bbox 195 1331 1714 1402; baseline 0 -19"><span class='ocrx_word' id='word_1_122' title='bbox 195 1333 326 1384; x_wconf 77' lang='grc' dir='ltr'>ἀλλὰ</span> <span class='ocrx_word' id='word_1_123' title='bbox 363 1333 427 1398; x_wconf 84' lang='grc' dir='ltr'>μὴ</span> <span class='ocrx_word' id='word_1_124' title='bbox 470 1333 791 1402; x_wconf 69' lang='grc' dir='ltr'>ὺφευγόντων,</span> <span class='ocrx_word' id='word_1_125' title='bbox 831 1336 905 1384; x_wconf 77' lang='grc' dir='ltr'>καὶ</span> <span class='ocrx_word' id='word_1_126' title='bbox 937 1337 1003 1401; x_wconf 74' lang='grc' dir='ltr'>τῷ</span> <span class='ocrx_word' id='word_1_127' title='bbox 1049 1333 1257 1399; x_wconf 74' lang='grc' dir='ltr'>διορίζειν</span> <span class='ocrx_word' id='word_1_128' title='bbox 1297 1331 1361 1383; x_wconf 78' lang='grc' dir='ltr'>ὧν</span> <span class='ocrx_word' id='word_1_129' title='bbox 1402 1332 1461 1383; x_wconf 81' lang='grc' dir='ltr'>τὰ</span> <span class='ocrx_word' id='word_1_130' title='bbox 1492 1331 1714 1400; x_wconf 78' lang='grc' dir='ltr'>χρήματα</span> 
     </span>
     <span class='ocr_line' id='line_1_18' title="bbox 195 1416 1714 1484; baseline 0 -17"><span class='ocrx_word' id='word_1_131' title='bbox 195 1418 396 1481; x_wconf 86' lang='grc' dir='ltr'>ἐπίτιμα·</span> <span class='ocrx_word' id='word_1_132' title='bbox 439 1422 533 1468; x_wconf 82' lang='grc' dir='ltr'>τῶν</span> <span class='ocrx_word' id='word_1_133' title='bbox 570 1417 663 1484; x_wconf 75' lang='grc' dir='ltr'>γὰρ</span> <span class='ocrx_word' id='word_1_134' title='bbox 701 1419 750 1468; x_wconf 87' lang='grc' dir='ltr'>ἐκ</span> <span class='ocrx_word' id='word_1_135' title='bbox 782 1417 1003 1484; x_wconf 80' lang='grc' dir='ltr'>προνοίας</span> <span class='ocrx_word' id='word_1_136' title='bbox 1035 1416 1306 1481; x_wconf 82' lang='grc' dir='ltr'>δεδήμευται</span> <span class='ocrx_word' id='word_1_137' title='bbox 1342 1416 1401 1468; x_wconf 79' lang='grc' dir='ltr'>τὰ</span> <span class='ocrx_word' id='word_1_138' title='bbox 1438 1416 1566 1467; x_wconf 78' lang='grc' dir='ltr'>ὅντα.</span> <span class='ocrx_word' id='word_1_139' title='bbox 1608 1421 1714 1483; x_wconf 87' lang='grc' dir='ltr'>περὶ</span> 
     </span>
     <span class='ocr_line' id='line_1_19' title="bbox 128 1499 1714 1567; baseline -0.001 -15"><span class='ocrx_word' id='word_1_140' title='bbox 128 1518 178 1561; x_wconf 86' lang='grc'>51</span> <span class='ocrx_word' id='word_1_141' title='bbox 196 1501 280 1565; x_wconf 79' lang='grc' dir='ltr'>μὲν</span> <span class='ocrx_word' id='word_1_142' title='bbox 305 1500 385 1565; x_wconf 77' lang='grc' dir='ltr'>οδὴ</span> <span class='ocrx_word' id='word_1_143' title='bbox 411 1507 504 1553; x_wconf 81' lang='grc' dir='ltr'>τῶν</span> <span class='ocrx_word' id='word_1_144' title='bbox 530 1503 765 1552; x_wconf 81' lang='grc' dir='ltr'>ἀκουσίων</span> <span class='ocrx_word' id='word_1_145' title='bbox 800 1501 857 1551; x_wconf 78' lang='grc' dir='ltr'>ἂν</span> <span class='ocrx_word' id='word_1_146' title='bbox 887 1502 1034 1567; x_wconf 81' lang='grc' dir='ltr'>λέγοι.</span> <span class='ocrx_word' id='word_1_147' title='bbox 1079 1500 1232 1566; x_wconf 55' lang='grc' dir='ltr'>ἀλέγει</span> <span class='ocrx_word' id='word_1_148' title='bbox 1272 1500 1320 1552; x_wconf 80' lang='grc' dir='ltr'>δὲ</span> <span class='ocrx_word' id='word_1_149' title='bbox 1356 1501 1406 1552; x_wconf 89' lang='grc' dir='ltr'>τί</span> <span class='ocrx_word' id='word_1_150' title='bbox 1423 1523 1435 1563; x_wconf 85' lang='lat'>3</span> <span class='ocrx_word' id='word_1_151' title='bbox 1481 1499 1560 1551; x_wconf 77' lang='grc' dir='ltr'>ἐὰν</span> <span class='ocrx_word' id='word_1_152' title='bbox 1594 1500 1714 1567; x_wconf 86' lang='grc' dir='ltr'>πέρα</span> 
     </span>
     <span class='ocr_line' id='line_1_20' title="bbox 196 1584 1765 1654; baseline 0.001 -18"><span class='ocrx_word' id='word_1_153' title='bbox 196 1585 319 1652; x_wconf 80' lang='grc' dir='ltr'>ὅρου,</span> <span class='ocrx_word' id='word_1_154' title='bbox 347 1588 513 1654; x_wconf 72' lang='grc' dir='ltr'>φησὶν,</span> <span class='ocrx_word' id='word_1_155' title='bbox 542 1585 713 1654; x_wconf 82' lang='grc' dir='ltr'>ἐλαύνῃ</span> <span class='ocrx_word' id='word_1_156' title='bbox 744 1585 772 1650; x_wconf 76' lang='grc' dir='ltr'>ἦ</span> <span class='ocrx_word' id='word_1_157' title='bbox 800 1586 919 1654; x_wconf 86' lang='grc' dir='ltr'>φέρῃ</span> <span class='ocrx_word' id='word_1_158' title='bbox 956 1585 984 1650; x_wconf 76' lang='grc' dir='ltr'>ἢ</span> <span class='ocrx_word' id='word_1_159' title='bbox 1024 1586 1129 1654; x_wconf 73' lang='grc' dir='ltr'>ἄγῃ.</span> <span class='ocrx_word' id='word_1_160' title='bbox 1170 1592 1308 1636; x_wconf 85' lang='grc' dir='ltr'>τοῦτο</span> <span class='ocrx_word' id='word_1_161' title='bbox 1348 1586 1402 1636; x_wconf 88' lang='grc' dir='ltr'>δέ</span> <span class='ocrx_word' id='word_1_162' title='bbox 1435 1588 1538 1636; x_wconf 88' lang='grc' dir='ltr'>ἐστι</span> <span class='ocrx_word' id='word_1_163' title='bbox 1573 1586 1631 1648; x_wconf 87' lang='grc' dir='ltr'>τί,</span> <span class='ocrx_word' id='word_1_164' title='bbox 1659 1584 1712 1638; x_wconf 85' lang='grc' dir='ltr'>τδ</span> <span class='ocrx_word' id='word_1_165' title='bbox 1726 1617 1765 1648; x_wconf 85' lang='lat'>25</span> 
     </span>
     <span class='ocr_line' id='line_1_21' title="bbox 195 1668 1715 1737; baseline 0.001 -18"><span class='ocrx_word' id='word_1_166' title='bbox 195 1670 316 1735; x_wconf 87' lang='grc' dir='ltr'>πέρα</span> <span class='ocrx_word' id='word_1_167' title='bbox 355 1670 463 1736; x_wconf 82' lang='grc' dir='ltr'>ὅρου</span> <span class='ocrx_word' id='word_1_168' title='bbox 485 1692 498 1732; x_wconf 81' lang='lat'>3</span> <span class='ocrx_word' id='word_1_169' title='bbox 543 1670 645 1720; x_wconf 75' lang='grc' dir='ltr'>ε”στι</span> <span class='ocrx_word' id='word_1_170' title='bbox 682 1675 831 1721; x_wconf 84' lang='grc' dir='ltr'>πᾶσιν</span> <span class='ocrx_word' id='word_1_171' title='bbox 873 1669 980 1736; x_wconf 80' lang='grc' dir='ltr'>ὅρος</span> <span class='ocrx_word' id='word_1_172' title='bbox 1019 1675 1116 1723; x_wconf 80' lang='grc' dir='ltr'>τοῖς</span> <span class='ocrx_word' id='word_1_173' title='bbox 1161 1668 1468 1737; x_wconf 77' lang='grc' dir='ltr'>ἀνδροφόνοις</span> <span class='ocrx_word' id='word_1_174' title='bbox 1508 1673 1590 1733; x_wconf 84' lang='grc' dir='ltr'>τῆς</span> <span class='ocrx_word' id='word_1_175' title='bbox 1631 1676 1715 1721; x_wconf 86' lang='grc' dir='ltr'>τοῦ</span> 
     </span>
     <span class='ocr_line' id='line_1_22' title="bbox 193 1753 1810 1820; baseline -0.002 -15"><span class='ocrx_word' id='word_1_176' title='bbox 193 1754 427 1807; x_wconf 88' lang='grc' dir='ltr'>παθόντος</span> <span class='ocrx_word' id='word_1_177' title='bbox 465 1754 704 1820; x_wconf 72' lang='grc' dir='ltr'>εἴργεσθαι</span> <span class='ocrx_word' id='word_1_178' title='bbox 739 1755 978 1820; x_wconf 86' lang='grc' dir='ltr'>πατρίδος.</span> <span class='ocrx_word' id='word_1_179' title='bbox 1021 1756 1070 1804; x_wconf 86' lang='grc' dir='ltr'>ἐκ</span> <span class='ocrx_word' id='word_1_180' title='bbox 1105 1753 1187 1816; x_wconf 76' lang='grc' dir='ltr'>μὲν</span> <span class='ocrx_word' id='word_1_181' title='bbox 1226 1753 1281 1817; x_wconf 86' lang='grc' dir='ltr'>δὴ</span> <span class='ocrx_word' id='word_1_182' title='bbox 1313 1753 1484 1818; x_wconf 80' lang='grc' dir='ltr'>ταύτης</span> <span class='ocrx_word' id='word_1_183' title='bbox 1521 1755 1714 1804; x_wconf 87' lang='grc' dir='ltr'>δίδωσιν</span> <span class='ocrx_word' id='word_1_184' title='bbox 1728 1762 1810 1816; x_wconf 83' lang='lat'>635</span> 
     </span>
     <span class='ocr_line' id='line_1_23' title="bbox 193 1837 1716 1906; baseline 0.001 -18"><span class='ocrx_word' id='word_1_185' title='bbox 193 1837 405 1888; x_wconf 84' lang='grc' dir='ltr'>ἐλαύνειν</span> <span class='ocrx_word' id='word_1_186' title='bbox 446 1839 522 1888; x_wconf 78' lang='grc' dir='ltr'>καὶ</span> <span class='ocrx_word' id='word_1_187' title='bbox 566 1837 709 1902; x_wconf 80' lang='grc' dir='ltr'>ἄγειν,</span> <span class='ocrx_word' id='word_1_188' title='bbox 748 1838 871 1903; x_wconf 90' lang='grc' dir='ltr'>πέρα</span> <span class='ocrx_word' id='word_1_189' title='bbox 912 1837 960 1888; x_wconf 78' lang='grc' dir='ltr'>δὲ</span> <span class='ocrx_word' id='word_1_190' title='bbox 1008 1839 1090 1889; x_wconf 82' lang='grc' dir='ltr'>οὐκ</span> <span class='ocrx_word' id='word_1_191' title='bbox 1131 1839 1183 1906; x_wconf 69' lang='grc' dir='ltr'>εἰᾶ</span> <span class='ocrx_word' id='word_1_192' title='bbox 1222 1838 1433 1888; x_wconf 69' lang='grc' dir='ltr'>ρτούτων</span> <span class='ocrx_word' id='word_1_193' title='bbox 1476 1838 1716 1905; x_wconf 82' lang='grc' dir='ltr'>οὐδέτερον</span> 
     </span>
    </p>
   </div>
   <div class='ocr_carea' id='block_1_7' title="bbox 1349 1919 1363 1946">
    <p class='ocr_par' dir='ltr' id='par_1_7' title="bbox 1349 1919 1363 1946">
     <span class='ocr_line' id='line_1_24' title="bbox 1349 1919 1363 1946; baseline 0 0"><span class='ocrx_word' id='word_1_194' title='bbox 1349 1919 1363 1946; x_wconf 86' lang='lat' dir='ltr'>f</span> 
     </span>
    </p>
   </div>
   <div class='ocr_carea' id='block_1_8' title="bbox 194 1919 1716 1988">
    <p class='ocr_par' dir='ltr' id='par_1_8' title="bbox 194 1919 1716 1988">
     <span class='ocr_line' id='line_1_25' title="bbox 194 1919 1716 1988; baseline 0.002 -18"><span class='ocrx_word' id='word_1_195' title='bbox 194 1925 355 1972; x_wconf 78' lang='grc' dir='ltr'>ποιεῖν.</span> <span class='ocrx_word' id='word_1_196' title='bbox 399 1919 478 1971; x_wconf 82' lang='grc' dir='ltr'>ε’ἀν</span> <span class='ocrx_word' id='word_1_197' title='bbox 516 1920 571 1970; x_wconf 86' lang='grc' dir='ltr'>δέ</span> <span class='ocrx_word' id='word_1_198' title='bbox 602 1943 671 1973; x_wconf 91' lang='grc' dir='ltr'>τις</span> <span class='ocrx_word' id='word_1_199' title='bbox 710 1920 843 1986; x_wconf 78' lang='grc' dir='ltr'>παρὰ</span> <span class='ocrx_word' id='word_1_200' title='bbox 877 1927 1025 1972; x_wconf 80' lang='grc' dir='ltr'>ταῦτα</span> <span class='ocrx_word' id='word_1_201' title='bbox 1063 1926 1188 1988; x_wconf 82' lang='grc' dir='ltr'>ποιῇ,</span> <span class='ocrx_word' id='word_1_202' title='bbox 1228 1920 1313 1985; x_wconf 84' lang='grc' dir='ltr'>τὴν</span> <span class='ocrx_word' id='word_1_203' title='bbox 1368 1920 1513 1985; x_wconf 81' lang='grc' dir='ltr'>αὐτὴν</span> <span class='ocrx_word' id='word_1_204' title='bbox 1549 1921 1716 1973; x_wconf 73' lang='grc' dir='ltr'>ἔδωκεν</span> 
     </span>
    </p>
   </div>
   <div class='ocr_carea' id='block_1_9' title="bbox 129 2002 1743 2407">
    <p class='ocr_par' dir='ltr' id='par_1_9' title="bbox 129 2002 1743 2407">
     <span class='ocr_line' id='line_1_26' title="bbox 195 2002 1708 2071; baseline 0.001 -18"><span class='ocrx_word' id='word_1_205' title='bbox 195 2003 308 2070; x_wconf 79' lang='grc' dir='ltr'>ὑπὲρ</span> <span class='ocrx_word' id='word_1_206' title='bbox 335 2005 475 2054; x_wconf 79' lang='grc' dir='ltr'>αὐτοῦ</span> <span class='ocrx_word' id='word_1_207' title='bbox 509 2003 640 2067; x_wconf 90' lang='grc' dir='ltr'>δίκην</span> <span class='ocrx_word' id='word_1_208' title='bbox 666 2004 810 2069; x_wconf 85' lang='grc' dir='ltr'>ἤνπερ</span> <span class='ocrx_word' id='word_1_209' title='bbox 845 2002 916 2066; x_wconf 80' lang='grc' dir='ltr'>ἀν,</span> <span class='ocrx_word' id='word_1_210' title='bbox 944 2008 982 2054; x_wconf 78' lang='grc' dir='ltr'>εἰ</span> <span class='ocrx_word' id='word_1_211' title='bbox 1015 2003 1215 2067; x_wconf 86' lang='grc' dir='ltr'>μένοντα</span> <span class='ocrx_word' id='word_1_212' title='bbox 1254 2004 1396 2067; x_wconf 86' lang='grc' dir='ltr'>ἠδίκει</span> <span class='ocrx_word' id='word_1_213' title='bbox 1435 2004 1562 2066; x_wconf 76' lang='grc' dir='ltr'>οἴκοι,</span> <span class='ocrx_word' id='word_1_214' title='bbox 1589 2005 1708 2071; x_wconf 83' lang='grc' dir='ltr'>γρά-</span> 
     </span>
     <span class='ocr_line' id='line_1_27' title="bbox 129 2086 1743 2156; baseline 0.002 -21"><span class='ocrx_word' id='word_1_215' title='bbox 129 2091 298 2156; x_wconf 74' lang='grc' dir='ltr'>52ψας</span> <span class='ocrx_word' id='word_1_216' title='bbox 339 2087 514 2138; x_wconf 67' lang='grc' dir='ltr'>ἕταύτά</span> <span class='ocrx_word' id='word_1_217' title='bbox 551 2088 756 2154; x_wconf 87' lang='grc' dir='ltr'>ὀφείλειν</span> <span class='ocrx_word' id='word_1_218' title='bbox 799 2087 931 2153; x_wconf 82' lang='grc' dir='ltr'>ἅπερ,</span> <span class='ocrx_word' id='word_1_219' title='bbox 980 2086 1036 2137; x_wconf 77' lang='grc' dir='ltr'>ἂν</span> <span class='ocrx_word' id='word_1_220' title='bbox 1081 2087 1195 2137; x_wconf 71' lang='grc' dir='ltr'>οἴκοι</span> <span class='ocrx_word' id='word_1_221' title='bbox 1240 2086 1407 2156; x_wconf 77' lang='grc' dir='ltr'>δράσῃ.</span> <span class='ocrx_word' id='word_1_222' title='bbox 1464 2092 1501 2138; x_wconf 79' lang='grc' dir='ltr'>εἰ</span> <span class='ocrx_word' id='word_1_223' title='bbox 1547 2089 1602 2153; x_wconf 88' lang='grc' dir='ltr'>δή</span> <span class='ocrx_word' id='word_1_224' title='bbox 1645 2112 1743 2143; x_wconf 80' lang='grc' dir='ltr'>τις5</span> 
     </span>
     <span class='ocr_line' id='line_1_28' title="bbox 198 2170 1714 2240; baseline 0.001 -19"><span class='ocrx_word' id='word_1_225' title='bbox 198 2172 346 2236; x_wconf 74' lang='grc' dir='ltr'>ε”ροιτο</span> <span class='ocrx_word' id='word_1_226' title='bbox 371 2170 746 2237; x_wconf 80' lang='grc' dir='ltr'>Ἀριστοκράτην</span> <span class='ocrx_word' id='word_1_227' title='bbox 771 2172 958 2222; x_wconf 89' lang='grc' dir='ltr'>τουτονί</span> <span class='ocrx_word' id='word_1_228' title='bbox 982 2171 1088 2240; x_wconf 76' lang='grc' dir='ltr'>(καὶ</span> <span class='ocrx_word' id='word_1_229' title='bbox 1114 2170 1179 2234; x_wconf 83' lang='grc' dir='ltr'>μὴ</span> <span class='ocrx_word' id='word_1_230' title='bbox 1208 2172 1430 2235; x_wconf 86' lang='grc' dir='ltr'>νομίσητε</span> <span class='ocrx_word' id='word_1_231' title='bbox 1466 2173 1621 2236; x_wconf 75' lang='grc' dir='ltr'>εὔηθες</span> <span class='ocrx_word' id='word_1_232' title='bbox 1659 2172 1714 2223; x_wconf 85' lang='grc' dir='ltr'>τδ</span> 
     </span>
     <span class='ocr_line' id='line_1_29' title="bbox 198 2253 1716 2324; baseline 0 -18"><span class='ocrx_word' id='word_1_233' title='bbox 198 2255 441 2324; x_wconf 81' lang='grc' dir='ltr'>ἐρώτημα)</span> <span class='ocrx_word' id='word_1_234' title='bbox 468 2260 656 2321; x_wconf 80' lang='grc' dir='ltr'>πρῶτον</span> <span class='ocrx_word' id='word_1_235' title='bbox 679 2254 764 2318; x_wconf 78' lang='grc' dir='ltr'>μὲν</span> <span class='ocrx_word' id='word_1_236' title='bbox 790 2259 826 2305; x_wconf 79' lang='grc' dir='ltr'>εἰ</span> <span class='ocrx_word' id='word_1_237' title='bbox 853 2253 972 2305; x_wconf 73' lang='grc' dir='ltr'>οἶδεν</span> <span class='ocrx_word' id='word_1_238' title='bbox 999 2254 1042 2305; x_wconf 76' lang='grc' dir='ltr'>εἴ</span> <span class='ocrx_word' id='word_1_239' title='bbox 1062 2277 1131 2308; x_wconf 87' lang='grc' dir='ltr'>τις</span> <span class='ocrx_word' id='word_1_240' title='bbox 1158 2257 1405 2305; x_wconf 79' lang='grc' dir='ltr'>ἀποκτενεῖ</span> <span class='ocrx_word' id='word_1_241' title='bbox 1437 2257 1716 2322; x_wconf 82' lang='grc' dir='ltr'>Χαρίδημον</span> 
     </span>
     <span class='ocr_line' id='line_1_30' title="bbox 200 2336 1712 2407; baseline 0.002 -19"><span class='ocrx_word' id='word_1_242' title='bbox 200 2337 255 2402; x_wconf 63' lang='lat'>¹¹5)</span> <span class='ocrx_word' id='word_1_243' title='bbox 307 2341 381 2388; x_wconf 80' lang='grc' dir='ltr'>καὶ</span> <span class='ocrx_word' id='word_1_244' title='bbox 430 2339 591 2391; x_wconf 81' lang='grc' dir='ltr'>ἄλλως</span> <span class='ocrx_word' id='word_1_245' title='bbox 640 2362 740 2391; x_wconf 87' lang='grc' dir='ltr'>πως</span> <span class='ocrx_word' id='word_1_246' title='bbox 792 2337 1077 2402; x_wconf 85' lang='grc' dir='ltr'>τελευτήσει,</span> <span class='ocrx_word' id='word_1_247' title='bbox 1131 2340 1213 2389; x_wconf 82' lang='grc' dir='ltr'>οὐκ</span> <span class='ocrx_word' id='word_1_248' title='bbox 1263 2336 1334 2401; x_wconf 77' lang='grc' dir='ltr'>ἀν,</span> <span class='ocrx_word' id='word_1_249' title='bbox 1388 2336 1528 2402; x_wconf 77' lang='grc' dir='ltr'>οἶμαι,</span> <span class='ocrx_word' id='word_1_250' title='bbox 1581 2340 1712 2407; x_wconf 88' lang='grc' dir='ltr'>φαίη.</span> 
     </span>
    </p>
   </div>
   <div class='ocr_carea' id='block_1_10' title="bbox 202 2421 1712 2488">
    <p class='ocr_par' dir='ltr' id='par_1_10' title="bbox 202 2421 1712 2488">
     <span class='ocr_line' id='line_1_31' title="bbox 202 2421 1712 2488; baseline 0.001 -15"><span class='ocrx_word' id='word_1_251' title='bbox 202 2421 435 2486; x_wconf 83' lang='grc' dir='ltr'>ἰθήσομεν</span> <span class='ocrx_word' id='word_1_252' title='bbox 468 2423 622 2473; x_wconf 89' lang='grc' dir='ltr'>τοίνυν</span> <span class='ocrx_word' id='word_1_253' title='bbox 652 2421 960 2474; x_wconf 52' lang='grc' dir='ltr'>Ῐάποκτενεῖν.</span> <span class='ocrx_word' id='word_1_254' title='bbox 1000 2423 1146 2474; x_wconf 82' lang='grc' dir='ltr'>πάλιν</span> <span class='ocrx_word' id='word_1_255' title='bbox 1183 2422 1321 2487; x_wconf 76' lang='grc' dir='ltr'>οἶσθ’,</span> <span class='ocrx_word' id='word_1_256' title='bbox 1357 2423 1473 2474; x_wconf 82' lang='grc' dir='ltr'>ἑκὼν</span> <span class='ocrx_word' id='word_1_257' title='bbox 1509 2422 1536 2488; x_wconf 84' lang='grc' dir='ltr'>ὴ</span> <span class='ocrx_word' id='word_1_258' title='bbox 1573 2425 1712 2488; x_wconf 75' lang='grc' dir='ltr'>ἄκων,</span> 
     </span>
    </p>
   </div>
   <div class='ocr_carea' id='block_1_11' title="bbox 201 2583 1715 3002">
    <p class='ocr_par' dir='ltr' id='par_1_11' title="bbox 201 2583 1715 3002">
     <span class='ocr_line' id='line_1_32' title="bbox 256 2583 1713 2631; baseline 0.003 -15"><span class='ocrx_word' id='word_1_259' title='bbox 256 2588 270 2606; x_wconf 76' lang='lat'>¹¹</span> <span class='ocrx_word' id='word_1_260' title='bbox 291 2583 461 2628; x_wconf 79' lang='grc' dir='ltr'>ἐπέξιμεν]</span> <span class='ocrx_word' id='word_1_261' title='bbox 487 2583 670 2627; x_wconf 79' lang='grc' dir='ltr'>ἐπεξίωμεν</span> <span class='ocrx_word' id='word_1_262' title='bbox 690 2584 733 2617; x_wconf 85' lang='grc' dir='ltr'>Β.</span> <span class='ocrx_word' id='word_1_263' title='bbox 765 2583 941 2628; x_wconf 80' lang='grc' dir='ltr'>ἐπεξίομεν</span> <span class='ocrx_word' id='word_1_264' title='bbox 957 2584 996 2618; x_wconf 86' lang='lat' dir='ltr'>F.</span> <span class='ocrx_word' id='word_1_265' title='bbox 1027 2584 1215 2629; x_wconf 81' lang='grc' dir='ltr'>ἐπεξίοιμεν</span> <span class='ocrx_word' id='word_1_266' title='bbox 1233 2586 1270 2620; x_wconf 82' lang='lat' dir='ltr'>k.</span> <span class='ocrx_word' id='word_1_267' title='bbox 1366 2593 1379 2612; x_wconf 82' lang='lat' dir='ltr'>S</span> <span class='ocrx_word' id='word_1_268' title='bbox 1400 2585 1513 2631; x_wconf 76' lang='grc' dir='ltr'>αὐτοὶ]</span> <span class='ocrx_word' id='word_1_269' title='bbox 1538 2587 1652 2621; x_wconf 78' lang='grc' dir='ltr'>αὐτοῖς</span> <span class='ocrx_word' id='word_1_270' title='bbox 1670 2586 1713 2620; x_wconf 85' lang='lat' dir='ltr'>Y.</span> 
     </span>
     <span class='ocr_line' id='line_1_33' title="bbox 203 2633 1715 2684; baseline 0.003 -16"><span class='ocrx_word' id='word_1_271' title='bbox 203 2633 216 2659; x_wconf 70' lang='lat' dir='ltr'><strong>t</strong></span> <span class='ocrx_word' id='word_1_272' title='bbox 236 2635 287 2668; x_wconf 79' lang='grc' dir='ltr'>δεῖ</span> <span class='ocrx_word' id='word_1_273' title='bbox 304 2635 426 2681; x_wconf 81' lang='grc' dir='ltr'>λῦσαι]</span> <span class='ocrx_word' id='word_1_274' title='bbox 451 2637 611 2670; x_wconf 81' lang='grc' dir='ltr'>διαλῦσαι</span> <span class='ocrx_word' id='word_1_275' title='bbox 630 2637 737 2670; x_wconf 86' lang='lat' dir='ltr'><strong>A.r.S.</strong></span> <span class='ocrx_word' id='word_1_276' title='bbox 758 2642 793 2670; x_wconf 83' lang='lat' dir='ltr'>et</span> <span class='ocrx_word' id='word_1_277' title='bbox 811 2649 865 2682; x_wconf 89' lang='lat' dir='ltr'>pr.</span> <span class='ocrx_word' id='word_1_278' title='bbox 886 2637 922 2670; x_wconf 88' lang='lat' dir='ltr'>k.</span> <span class='ocrx_word' id='word_1_279' title='bbox 1018 2643 1038 2662; x_wconf 72' lang='grc' dir='ltr'>Π</span> <span class='ocrx_word' id='word_1_280' title='bbox 1059 2639 1142 2681; x_wconf 89' lang='grc' dir='ltr'>μετὰ</span> <span class='ocrx_word' id='word_1_281' title='bbox 1161 2638 1283 2684; x_wconf 75' lang='grc' dir='ltr'>ταῦτα]</span> <span class='ocrx_word' id='word_1_282' title='bbox 1307 2653 1455 2682; x_wconf 80' lang='grc' dir='ltr'>μετιιυτα</span> <span class='ocrx_word' id='word_1_283' title='bbox 1477 2640 1511 2672; x_wconf 83' lang='lat' dir='ltr'>S.</span> <span class='ocrx_word' id='word_1_284' title='bbox 1601 2646 1620 2663; x_wconf 78' lang='lat' dir='ltr'>V</span> <span class='ocrx_word' id='word_1_285' title='bbox 1640 2653 1715 2672; x_wconf 89' lang='grc' dir='ltr'>τινα</span> 
     </span>
     <span class='ocr_line' id='line_1_34' title="bbox 203 2688 1708 2740; baseline 0.002 -19"><span class='ocrx_word' id='word_1_286' title='bbox 203 2699 272 2721; x_wconf 91' lang='lat' dir='ltr'>om.</span> <span class='ocrx_word' id='word_1_287' title='bbox 296 2688 427 2722; x_wconf 79' lang='lat' dir='ltr'>S.Y.O.</span> <span class='ocrx_word' id='word_1_288' title='bbox 539 2694 554 2709; x_wconf 80' lang='lat' dir='ltr'>x</span> <span class='ocrx_word' id='word_1_289' title='bbox 575 2688 673 2734; x_wconf 79' lang='grc' dir='ltr'>ὅρου]</span> <span class='ocrx_word' id='word_1_290' title='bbox 698 2689 784 2734; x_wconf 84' lang='grc' dir='ltr'>ὅρων</span> <span class='ocrx_word' id='word_1_291' title='bbox 803 2702 835 2722; x_wconf 78' lang='lat' dir='ltr'>v.</span> <span class='ocrx_word' id='word_1_292' title='bbox 926 2695 945 2723; x_wconf 69' lang='grc' dir='ltr'><em>ἲ</em></span> <span class='ocrx_word' id='word_1_293' title='bbox 965 2689 1293 2740; x_wconf 17' lang='grc' dir='ltr'>ὀφείλειν]κόφει’λει</span> <span class='ocrx_word' id='word_1_294' title='bbox 1315 2692 1447 2726; x_wconf 81' lang='lat' dir='ltr'>S.Y.O.</span> <span class='ocrx_word' id='word_1_295' title='bbox 1561 2699 1577 2717; x_wconf 83' lang='lat' dir='ltr'>Z</span> <span class='ocrx_word' id='word_1_296' title='bbox 1597 2690 1637 2724; x_wconf 78' lang='grc' dir='ltr'>ἂν</span> <span class='ocrx_word' id='word_1_297' title='bbox 1657 2692 1708 2737; x_wconf 86' lang='grc' dir='ltr'>ἐν]</span> 
     </span>
     <span class='ocr_line' id='line_1_35' title="bbox 201 2739 1713 2790; baseline 0.003 -17"><span class='ocrx_word' id='word_1_298' title='bbox 201 2739 243 2773; x_wconf 77' lang='grc' dir='ltr'>ἂν</span> <span class='ocrx_word' id='word_1_299' title='bbox 263 2742 315 2774; x_wconf 85' lang='grc' dir='ltr'>καὶ</span> <span class='ocrx_word' id='word_1_300' title='bbox 334 2741 368 2774; x_wconf 84' lang='grc' dir='ltr'>ἐν</span> <span class='ocrx_word' id='word_1_301' title='bbox 388 2753 421 2775; x_wconf 79' lang='lat' dir='ltr'>v.</span> <span class='ocrx_word' id='word_1_302' title='bbox 546 2746 564 2765; x_wconf 72' lang='lat' dir='ltr'>a</span> <span class='ocrx_word' id='word_1_303' title='bbox 584 2742 712 2787; x_wconf 83' lang='grc' dir='ltr'>δράσῃ]</span> <span class='ocrx_word' id='word_1_304' title='bbox 738 2743 877 2787; x_wconf 86' lang='grc' dir='ltr'>δράσειν</span> <span class='ocrx_word' id='word_1_305' title='bbox 895 2743 931 2776; x_wconf 90' lang='lat' dir='ltr'>k.</span> <span class='ocrx_word' id='word_1_306' title='bbox 1057 2742 1073 2765; x_wconf 78' lang='lat' dir='ltr'>b</span> <span class='ocrx_word' id='word_1_307' title='bbox 1093 2746 1291 2790; x_wconf 83' lang='grc' dir='ltr'>φευγόντων</span> <span class='ocrx_word' id='word_1_308' title='bbox 1310 2746 1459 2779; x_wconf 54' lang='grc' dir='ltr'>ΑΒΔ-,3.</span> <span class='ocrx_word' id='word_1_309' title='bbox 1489 2745 1713 2789; x_wconf 82' lang='grc' dir='ltr'>πεφευγότων</span> 
     </span>
     <span class='ocr_line' id='line_1_36' title="bbox 202 2793 1707 2843; baseline 0.002 -17"><span class='ocrx_word' id='word_1_310' title='bbox 202 2793 319 2839; x_wconf 81' lang='lat' dir='ltr'>vulgo.</span> <span class='ocrx_word' id='word_1_311' title='bbox 430 2799 446 2819; x_wconf 81' lang='lat'><strong>0</strong></span> <span class='ocrx_word' id='word_1_312' title='bbox 466 2794 505 2837; x_wconf 88' lang='grc' dir='ltr'>δὴ</span> <span class='ocrx_word' id='word_1_313' title='bbox 526 2807 630 2839; x_wconf 85' lang='lat' dir='ltr'><strong>supra</strong></span> <span class='ocrx_word' id='word_1_314' title='bbox 647 2807 786 2828; x_wconf 70' lang='lat' dir='ltr'><strong>versum</strong></span> <span class='ocrx_word' id='word_1_315' title='bbox 804 2795 910 2829; x_wconf 83' lang='lat' dir='ltr'><strong>habet</strong></span> <span class='ocrx_word' id='word_1_316' title='bbox 927 2797 969 2830; x_wconf 84' lang='lat' dir='ltr'>A.</span> <span class='ocrx_word' id='word_1_317' title='bbox 1092 2794 1111 2821; x_wconf 77' lang='lat' dir='ltr'>d</span> <span class='ocrx_word' id='word_1_318' title='bbox 1130 2797 1240 2843; x_wconf 80' lang='grc' dir='ltr'>λέγει]</span> <span class='ocrx_word' id='word_1_319' title='bbox 1264 2799 1361 2843; x_wconf 86' lang='grc' dir='ltr'>λέγοι</span> <span class='ocrx_word' id='word_1_320' title='bbox 1381 2810 1413 2831; x_wconf 83' lang='lat' dir='ltr'>v.</span> <span class='ocrx_word' id='word_1_321' title='bbox 1524 2803 1539 2821; x_wconf 72' lang='lat' dir='ltr'><strong>e</strong></span> <span class='ocrx_word' id='word_1_322' title='bbox 1559 2796 1707 2843; x_wconf 80' lang='grc' dir='ltr'>τούτων]</span> 
     </span>
     <span class='ocr_line' id='line_1_37' title="bbox 203 2846 1712 2895; baseline 0.004 -17"><span class='ocrx_word' id='word_1_323' title='bbox 203 2849 325 2879; x_wconf 81' lang='grc' dir='ltr'>τοῦτον</span> <span class='ocrx_word' id='word_1_324' title='bbox 344 2847 379 2880; x_wconf 89' lang='lat' dir='ltr'>k.</span> <span class='ocrx_word' id='word_1_325' title='bbox 408 2846 537 2880; x_wconf 80' lang='grc' dir='ltr'>τούτων</span> <span class='ocrx_word' id='word_1_326' title='bbox 556 2848 591 2881; x_wconf 84' lang='grc' dir='ltr'>δέ</span> <span class='ocrx_word' id='word_1_327' title='bbox 614 2847 777 2882; x_wconf 78' lang='lat' dir='ltr'>S.Y.O.v.</span> <span class='ocrx_word' id='word_1_328' title='bbox 926 2847 939 2874; x_wconf 83' lang='lat' dir='ltr'>f</span> <span class='ocrx_word' id='word_1_329' title='bbox 956 2849 1075 2895; x_wconf 84' lang='grc' dir='ltr'>αὐτὴν]</span> <span class='ocrx_word' id='word_1_330' title='bbox 1099 2851 1203 2883; x_wconf 82' lang='grc' dir='ltr'>αὐτοῦ</span> <span class='ocrx_word' id='word_1_331' title='bbox 1224 2851 1268 2884; x_wconf 92' lang='lat' dir='ltr'>O.</span> <span class='ocrx_word' id='word_1_332' title='bbox 1415 2856 1435 2883; x_wconf 69' lang='lat' dir='ltr'>g</span> <span class='ocrx_word' id='word_1_333' title='bbox 1460 2849 1581 2895; x_wconf 80' lang='grc' dir='ltr'>ταύτὰ]</span> <span class='ocrx_word' id='word_1_334' title='bbox 1606 2852 1712 2884; x_wconf 80' lang='grc' dir='ltr'>ταῦτα</span> 
     </span>
     <span class='ocr_line' id='line_1_38' title="bbox 202 2897 1712 2948; baseline 0.003 -16"><span class='ocrx_word' id='word_1_335' title='bbox 202 2899 475 2934; x_wconf 80' lang='lat' dir='ltr'><strong>A.S.Y.O.r.s.v.</strong></span> <span class='ocrx_word' id='word_1_336' title='bbox 615 2897 636 2924; x_wconf 91' lang='lat' dir='ltr'>h</span> <span class='ocrx_word' id='word_1_337' title='bbox 657 2900 674 2944; x_wconf 80' lang='grc' dir='ltr'>ἢ</span> <span class='ocrx_word' id='word_1_338' title='bbox 695 2901 830 2935; x_wconf 83' lang='lat' dir='ltr'>codices</span> <span class='ocrx_word' id='word_1_339' title='bbox 851 2901 971 2944; x_wconf 84' lang='lat' dir='ltr'>(etiam</span> <span class='ocrx_word' id='word_1_340' title='bbox 990 2903 1078 2937; x_wconf 76' lang='grc' dir='ltr'>ΑΒ.</span> <span class='ocrx_word' id='word_1_341' title='bbox 1101 2904 1143 2937; x_wconf 82' lang='lat' dir='ltr'>de</span> <span class='ocrx_word' id='word_1_342' title='bbox 1163 2903 1289 2948; x_wconf 84' lang='lat' dir='ltr'>quibus</span> <span class='ocrx_word' id='word_1_343' title='bbox 1308 2910 1401 2937; x_wconf 83' lang='lat' dir='ltr'>tacet</span> <span class='ocrx_word' id='word_1_344' title='bbox 1421 2903 1614 2948; x_wconf 83' lang='lat' dir='ltr'>Reiskius).</span> <span class='ocrx_word' id='word_1_345' title='bbox 1644 2902 1662 2946; x_wconf 88' lang='grc' dir='ltr'>ἢ</span> <span class='ocrx_word' id='word_1_346' title='bbox 1683 2903 1712 2937; x_wconf 86' lang='grc' dir='ltr'>εἰ</span> 
     </span>
     <span class='ocr_line' id='line_1_39' title="bbox 202 2949 1525 3002; baseline 0.004 -17"><span class='ocrx_word' id='word_1_347' title='bbox 202 2952 320 2998; x_wconf 78' lang='lat' dir='ltr'><strong>vulgo.</strong></span> <span class='ocrx_word' id='word_1_348' title='bbox 430 2949 440 2977; x_wconf 68' lang='lat' dir='ltr'>i</span> <span class='ocrx_word' id='word_1_349' title='bbox 461 2952 626 2999; x_wconf 84' lang='grc' dir='ltr'>θήσομεν]</span> <span class='ocrx_word' id='word_1_350' title='bbox 651 2953 840 2998; x_wconf 85' lang='grc' dir='ltr'>θησομένου</span> <span class='ocrx_word' id='word_1_351' title='bbox 859 2967 886 2989; x_wconf 90' lang='lat' dir='ltr'>r.</span> <span class='ocrx_word' id='word_1_352' title='bbox 993 2952 1005 2988; x_wconf 76' lang='lat' dir='ltr'><strong>j</strong></span> <span class='ocrx_word' id='word_1_353' title='bbox 1026 2955 1237 3002; x_wconf 76' lang='grc' dir='ltr'>ἀποκτενεῖν]</span> <span class='ocrx_word' id='word_1_354' title='bbox 1261 2957 1468 2990; x_wconf 84' lang='grc' dir='ltr'>ἀποκτείνειν</span> <span class='ocrx_word' id='word_1_355' title='bbox 1489 2956 1525 2989; x_wconf 87' lang='lat' dir='ltr'>S.</span> 
     </span>
    </p>
   </div>
   <div class='ocr_carea' id='block_1_12' title="bbox 900 3016 1012 3059">
    <p class='ocr_par' dir='ltr' id='par_1_12' title="bbox 900 3016 1012 3059">
     <span class='ocr_line' id='line_1_40' title="bbox 900 3016 1012 3059; baseline 0.027 -3"><span class='ocrx_word' id='word_1_356' title='bbox 900 3016 1012 3059; x_wconf 74' lang='lat' dir='ltr'>Bbz</span> 
     </span>
    </p>
   </div>
  </div>
 </body>
</html>
