1954 3273
76 174 232 218 —737‚
250 181 298 209 19.
667 173 808 210 ΚΑΤΑ
840 173 1243 211 ΤιΜοΚΡΑΤοὙΣ.
1633 170 1716 214 769

198 278 284 340 μὲν
328 279 461 347 ἕξειν,
498 280 563 344 μὴ
609 282 833 336 λαθόντες
873 286 914 333 δ’
957 283 1074 333 αὐτὰ
1116 282 1280 346 sudum)
1321 284 1605 347 καταθήσειν
1647 291 1667 318 g
1684 282 1714 334 ἃ

200 364 486 433 ὑφείλοντο),
531 365 662 415 ἀλλὰ
705 372 852 417 ταῦτα
896 366 981 429 μὲν
1031 366 1263 417 διπλάσια
1308 371 1586 429 καταθεῖναι,
1632 369 1709 416 δε·

200 447 338 499 θέντα
357 447 407 498 δὲ
432 449 551 515 πρὸς
576 449 725 520 τούτῳ
751 455 817 520 τῷ
842 450 1063 515 τιμήματι
1089 452 1137 501 ἐν
1156 450 1358 518 αἰσχύνῃ
1385 450 1499 514 ὴῆδη
1526 449 1606 515 ζῆν
1631 448 1713 501 τὸν

105 551 182 593 132
199 533 354 583 ἄλλον
391 534 513 595 βίον.
557 536 670 585 ἀλλ’
703 537 756 586 οὐ
791 534 1101 602 Τιμοκράτης,
1129 536 1239 585 ἀλλ’
1277 534 1403 588 ὅπως
1442 535 1576 585 ἁπλᾶ
1613 532 1711 597 μὲν,

672 619 693 647 k

197 616 228 668 ἃ
268 622 339 669 δεῖ
371 618 635 684 ἰδιπλάσια,
707 620 1036 684 καταθήσουσι
1080 620 1420 687 παρεσκεύασε,
1463 622 1572 684 μηδ’
1609 621 1704 670 ὁτι·
1726 640 1763 671 25

196 706 278 751 οῦν
311 700 368 751 ’δ’
397 704 622 766 ἐπιτίμιον
653 704 786 754 ἔσται
825 703 943 770 πρὸς·
982 704 1175 758 τούτοις.
1217 706 1292 755 καὶ
1325 706 1408 755 οὐκ
1442 703 1711 771 ἀπέχρησεν

197 783 310 850 ὑπὲρ
348 790 442 837 τῶν
477 786 756 850 μελλόντων
782 789 907 857 αὐτῷ
944 788 1068 839 ταῦτ’
1098 790 1282 851 ἀδικεῖν,
1311 786 1442 838 ἀλλὰ
1468 792 1541 838 καὶ
1569 786 1611 838 εἴ
1642 810 1712 841 τις

104 886 181 929 133
196 869 267 935 ἄρ’
295 870 522 935 ἠδικηκὼς
548 871 932 935 ωκεκολασμένος
969 871 1039 936 ἦν,
1067 875 1143 924 καὶ
1174 878 1339 924 τοῦτον
1365 874 1558 941 ἀφῆκεν.
1604 873 1707 923 καί·

194 975 265 1003 τοι
292 952 428 1019 ἔγωγ’
459 953 591 1024 ᾤμην
618 959 740 1006 Πδεῖν
765 954 848 1006 τὸν
873 961 1214 1019 νομοθετοῦντα
1248 958 1354 1022 περὶ
1379 960 1472 1006 τῶν
1498 955 1705 1019 μελλόν-
1726 978 1804 1023 737

194 1060 288 1088 των
315 1038 524 1102 ἔσεσθαι,
552 1038 626 1091 οἶα
660 1043 732 1091 δεῖ
761 1041 1012 1105 γίγνεσθαι
1051 1042 1125 1091 καὶ
1162 1042 1223 1094 ὡς
1262 1041 1440 1091 ἕκαστα
1476 1040 1608 1107 ἔχειν,
1637 1041 1712 1091 καὶ

192 1120 276 1176 τὰς
314 1124 536 1189 τιμωρίας
562 1125 754 1178 οὁποίας
791 1124 920 1178 τινὰς
959 1126 1034 1193 ἐφ’
1062 1123 1275 1178 ἑκάστοις
1315 1128 1386 1175 δεῖ
1416 1129 1511 1178 τοῖς
1545 1124 1706 1189 ἀδική-

191 1228 340 1267 μασιν
375 1204 502 1268 εἶναι,
534 1209 639 1273 περὶ
673 1207 852 1259 τούτων
889 1213 1169 1272 νομοθετεῖν.
1211 1214 1349 1259 τοῦτο
1385 1208 1477 1274 γάρ
1516 1211 1620 1259 ἐστι
1656 1208 1710 1260 τὸ

191 1291 267 1358 ἐφ’
286 1289 438 1341 ἅπασι
464 1296 560 1345 τοῖς
584 1292 800 1345 πολίταις
827 1292 1006 1345 κοινοὺς
1031 1291 1138 1345 τοὺς
1164 1290 1331 1355 νόμους
1356 1293 1545 1344 τιθέναι.
1586 1291 1640 1343 τὸ
1661 1292 1710 1343 δὲ
1723 1319 1740 1351 5

188 1376 294 1441 περὶ
319 1379 413 1426 τῶν
443 1376 707 1441 γεγονότων
731 1375 1025 1443 πραγμάτων
1059 1375 1227 1440 νόμους
1258 1375 1458 1444 γράφειν
1485 1378 1538 1427 οὐ
1565 1400 1705 1440 νομο-

192 1462 339 1509 θετεῖν
376 1461 520 1523 ἐστὶν,
547 1458 678 1510 ἀλλὰ
715 1460 822 1514 τοὺς
860 1462 1133 1513 ἀδικοῦντας
1170 1458 1352 1524 σώζειν.
1395 1465 1615 1511 σκοπεῖτε
1655 1462 1710 1516 δ’,

100 1564 180 1606 134
192 1545 255 1596 ὡς
287 1545 443 1608 ἀληθῆ
474 1543 615 1610 λέγω,
642 1546 691 1595 ἐκ
725 1545 908 1595 Ι)τωνδί.
951 1548 989 1594 εἰ
1015 1542 1127 1607 (Ῑμὲν
1160 1542 1253 1609 γὰρ
1288 1543 1548 1608 Εὐκτήμων
1582 1545 1707 1596 ἑάλω

189 1625 275 1690 τὴν
313 1631 408 1677 τῶν
449 1626 736 1694 παρανόμων
776 1626 983 1696 γραφὴν,
1023 1629 1105 1678 οὐκ
1143 1626 1201 1677 ἂν
1246 1627 1378 1691 ε”θηκε
1423 1633 1590 1679 τοῦτον
1624 1627 1707 1680 τὸν

192 1710 336 1774 νόμον
370 1713 395 1762 ὁ
430 1710 740 1778 Τιμοκράτης,
769 1713 862 1762 οὐδ’
891 1711 949 1762 ἂν
983 1714 1125 1762 ἐδεῖτο
1160 1712 1187 1774 ἡ
1222 1710 1362 1764 πόλις
1399 1712 1588 1763 Γτούτου
1624 1719 1706 1764 τοῦ
1726 1743 1765 1764 10

191 1793 350 1858 νόμου,
376 1795 486 1845 ἀλλ’
517 1794 699 1863 ἐξήρκει
726 1793 784 1846 ἂν
809 1797 964 1849 αὐτοῖς
990 1796 1339 1861 ἀπεστερηκόσι
1369 1795 1455 1859 τὴν
1480 1795 1622 1847 πόλιν
1647 1797 1708 1848 τὰ

189 1877 410 1945 χρήματα
447 1882 542 1928 τῶν
577 1878 744 1929 ἄλλων
780 1877 845 1943 μὴ
884 1879 1161 1947 φροντίζειν.
1205 1884 1287 1929 νῦν
1317 1880 1371 1941 δ’,
1406 1879 1561 1943 ἐπειδὴ
1596 1881 1707 1931 ἀπέ-

190 1967 327 2030 φυγε,
366 1961 420 2013 τὸ
459 1962 543 2026 μὲν
582 1963 802 2029 ὑμέτερον
845 1962 999 2028 δόγμα
1039 1964 1114 2013 καὶ
1154 1962 1240 2027 τὴν
1282 1968 1365 2013 τοῦ
1404 1966 1706 2029 δικαστηρίου

188 2049 360 2114 ψῆφον
385 2044 592 2099 καὶτοὺς
618 2047 797 2100 ἄλλους
835 2045 1004 2109 νόμους
1038 2046 1235 2112 ἀκύρους
1273 2045 1413 2097 οἴεται
1449 2049 1543 2097 δεῖν
1577 2046 1758 2111 εἷναι,ι5

98 2143 175 2186 135
190 2128 332 2180 αὑτὸν
370 2129 418 2179 δὲ
456 2132 532 2179 καὶ
569 2129 651 2180 τὸν
685 2131 826 2180 αὑτοῦ
862 2128 1005 2193 νόμον
1040 2128 1235 2194 Ξκύριον,
1278 2130 1441 2191 καίτοι,
1485 2127 1522 2179 ὦ
1553 2129 1702 2194 Τιμό-

191 2241 367 2285 κρατες,
394 2221 435 2268 οἱ
461 2217 568 2281 ῒμὲν
594 2217 722 2272 ὄντες
747 2219 886 2282 “ἡμῖν
912 2218 1060 2285 κύριοι
1099 2218 1231 2282 νόμοι
1261 2223 1481 2270 τουτουσὶ
1513 2225 1705 2270 ποιοῦσι

188 2301 371 2366 κυρίους
410 2299 645 2363 ἁπάντων,
676 2302 753 2351 καὶ
785 2299 999 2351 διδόασιν
1033 2302 1187 2355 αὐτοῖς
1225 2301 1504 2371 ἀκούσασιν,
1544 2303 1706 2353 ὁποῖον

188 2385 246 2436 ἄν
271 2409 316 2437 τι
340 2384 591 2451 Χνομίζωσι
624 2383 679 2435 τὸ
706 2385 922 2449 ἀδίκημα,
948 2385 1139 2453 τοιαύτῃ
1177 2389 1281 2452 περὶ
1314 2391 1396 2437 τοῦ
1434 2384 1706 2450 ἠδικηκότος

244 2523 258 2550 f
283 2525 404 2571 μόνον]
429 2527 515 2568 μόνα
533 2538 599 2560 r.v.
755 2531 777 2559 g
805 2525 826 2559 ἂ
855 2525 1058 2572 ὑφείλοντο]
1092 2525 1113 2560 ἂ
1139 2526 1325 2572 ὑφείλαντο
1347 2527 1449 2561 A.r.s.
1470 2539 1540 2561 om.
1563 2527 1646 2561 S.O.
1667 2527 1704 2561 in

188 2579 346 2624 margine
365 2579 465 2624 ponit
484 2578 527 2612 Y.
638 2575 654 2598 ¹³
675 2578 736 2622 ἤδη
757 2578 831 2625 ζῆν]
857 2580 915 2622 ζῆν
934 2579 994 2623 ἤδη
1013 2580 1125 2614 A.k.s.
1248 2577 1258 2604 i
1279 2579 1463 2625 διπλάσια]
1488 2580 1593 2613 διπλᾶ
1612 2580 1702 2615 Α.Υ.

189 2632 334 2666 O.k.r.s.
464 2628 480 2651 k
501 2630 751 2676 καταθήσουσι]
774 2630 1032 2675 καταστήσουσι
1052 2632 1096 2667 Ο.
1228 2630 1239 2657 l
1259 2631 1286 2666 δ’
1308 2645 1377 2667 om.
1394 2644 1421 2666 s.
1559 2638 1589 2656 m
1609 2647 1699 2666 κεκο-

187 2684 375 2730 λασμένος]
401 2685 453 2718 καὶ
472 2685 719 2726 κεκολασμένος
738 2685 1035 2719 A.F.S.Y.O.k.s.
1146 2691 1166 2710 ὓ
1189 2685 1259 2720 δεῖν
1278 2698 1347 2720 om.
1368 2686 1404 2719 k.
1517 2690 1536 2710 0
1562 2685 1698 2731 ὁποίας]

188 2736 260 2773 οἵας
278 2738 391 2773 A.k.s.
503 2743 522 2770 P
542 2737 660 2783 τωνδί]
685 2738 790 2771 τῶνδε
810 2752 865 2783 γρ.
888 2738 926 2772 F.
956 2741 1022 2771 τῶν
1041 2737 1102 2773 δύο
1121 2751 1155 2775 ν.
1252 2739 1344 2782 (Ιμέν
1363 2750 1432 2772 om.
1454 2750 1485 2771 v.
1589 2742 1600 2758 ‘
1620 2737 1698 2771 τού-

188 2790 264 2835 του]
287 2791 387 2824 τοῦδε
406 2802 438 2824 v.
567 2795 581 2814 S
601 2788 733 2836 κύριον]
759 2791 873 2835 κύριον
893 2787 974 2824 εἶναι
993 2803 1021 2825 ι’.
1159 2793 1171 2818 t
1189 2793 1251 2836 μὲν
1271 2791 1382 2836 ὄντες]
1405 2792 1562 2835 μένοντες
1579 2805 1636 2836 γρ.
1660 2791 1698 2825 F.

187 2849 208 2868 ¹1
229 2843 304 2887 ἡμῖν
324 2842 430 2888 κύριοι
450 2845 544 2887 νόμοι
564 2845 743 2890 τουτουσὶ]
768 2845 863 2888 νόμοι
883 2843 960 2887 ἡμῖν
979 2843 1085 2890 κύριοι
1104 2844 1244 2880 τούτους
1264 2845 1373 2879 A.k.s.
1475 2851 1492 2870 Χ
1514 2842 1694 2890 νομίζωσι]

187 2895 362 2940 νομίζουσι
382 2898 422 2930 A.

888 2973 908 2997 P
933 2973 958 3012 l)
984 2972 1003 2999 Ζ
