1954 3273
88 151 243 206 —633,
261 169 290 192 e,
612 158 759 195 ΚΑΤΑ
793 156 1250 194 ΑΡΙΣΤΟΚΡΑΤΟὙΣ.
1642 152 1726 195 663

350 265 367 294 b
438 269 451 285 x
506 267 528 285 st
752 270 766 286 x
811 271 821 285 ε
891 272 910 281 Α
981 268 991 283 ν
1340 271 1359 280 a
1460 264 1480 283 e!
1676 266 1689 281 x

377 290 452 317 και
493 271 656 318 αθλων
692 291 768 318 και
809 290 943 334 ιερων
999 270 1403 335 Αμφικτυονικων,
1443 289 1606 332 ωσπερ
1643 290 1726 317 τον

207 266 310 331 ριάς

205 350 459 415 Ἀθηναῖον
496 353 752 414 κτείναντα,
778 354 827 402 ἐν
860 356 956 405 τοῖς
991 352 1146 404 αὐτοῖς
1183 350 1438 417 ἐνέχεσθαι,
1469 351 1718 416 διαγιγνώ-
1741 375 1779 395 10

139 450 192 492 43
207 457 339 485 σκειν
366 434 414 485 δὲ
440 435 545 490 τοὺς
569 436 750 504 ἐφέτας.
790 437 839 487 τί
860 434 917 499 δὴ
943 436 1069 486 ταῦτ’
1099 435 1258 496 ἐστι’ν;
1303 436 1471 488 ἐκεῖνος
1499 432 1615 503 ᾤετο
1641 434 1725 485 τὸν

204 517 474 586 πεφευγότα
513 521 582 570 ἐπ’
621 521 744 588 αἰτία
785 518 934 588 φόνου
973 520 1049 569 καὶ
1094 516 1348 580 ἑαλωκότα,
1387 516 1555 583 ἐάνπερ
1594 516 1729 586 ἅπαξ

204 601 387 670 ἐκφύγῃ
415 604 491 653 καὶ
517 607 669 670 σωθῇ,
697 603 864 669 ε’ίργειν
889 602 974 666 μὲν
999 605 1081 666 τῆς
1118 607 1200 652 τοῦ
1232 600 1468 654 παθόντος·
1501 603 1724 666 πατρίδος·

204 686 380 736 δίκαιον
415 685 541 749 εἶναι,
567 688 757 738 κτείνειν
792 686 840 738 δὲ
877 688 962 754 οὐχ
1001 686 1135 737 ὅσιον
1161 686 1474 751 Οὰπανταχοῦ,
1519 686 1568 735 τί
1599 708 1719 735 σκο-

201 774 339 833 πῶν,
384 770 454 821 ὅτι
497 769 598 822 fixa}
644 770 750 825 τοὺς
794 775 928 838 δεῦρο
969 768 1275 839 πεφευγότας,
1323 769 1403 820 ἐὰν
1444 770 1571 833 ἡμεῖς
1615 769 1722 824 τοὺς
1739 797 1772 827 15

201 853 399 919 ἑτέρωσε
434 855 848 919 Εάποκτιννύωμεν,
873 858 1212 906 ἀποκτενοῦσιν
1239 855 1399 920 ἕτεροι.
1444 857 1481 903 εἰ
1518 853 1566 904 δὲ
1598 855 1719 904 τοῦτ’

200 935 348 998 ἔσται,
394 937 422 1001 ἡ
468 935 483 963 f
494 938 614 1001 μόνη
656 937 800 1001 λοιπὴ
851 943 946 991 τοῖς
996 940 1255 1006 ἀτυχοῦσιν
1306 935 1459 988 ἅπασι
1509 938 1723 1003 σωτηρία

200 1019 588 1085 διαφθαρήσεται.
634 1020 736 1070 ἔστι
773 1021 810 1069 δ’
839 1021 956 1084 αὕτη
995 1020 1099 1081 τίςς
1144 1021 1194 1069 ἐκ
1233 1022 1315 1082 τῆς
1353 1023 1447 1068 τῶν
1480 1018 1715 1070 πεπονθό-

200 1124 295 1152 των
333 1102 672 1166 ἕμεταστάντα
709 1107 771 1157 εἷς
809 1103 895 1167 τὴν
934 1108 1029 1154 τῶν
1066 1102 1210 1167 μηδὲν
1249 1103 1536 1166 ἠδικημένων
1577 1105 1772 1155 ἀδεῶςιο

133 1204 190 1242 44
201 1191 442 1249 μετοικεῖν.
485 1187 560 1237 ἵνα
596 1187 651 1250 δὴ
688 1186 752 1250 μὴ
787 1192 924 1238 τοῦτο
963 1185 992 1254 ᾗ
1027 1188 1132 1250 μηδ’
1163 1187 1414 1252 ἀπέραντοι
1452 1190 1545 1236 τῶν
1571 1184 1715 1236 ῂάτυ-

200 1268 425 1336 χημάτων
471 1275 517 1321 αἱ
567 1271 781 1337 τιμωρίαι
826 1272 1093 1336 γίγνωνται,
1140 1270 1351 1337 ἔγραψεν
1395 1269 1474 1319 ε’ἀν
1519 1291 1587 1322 τις
1637 1267 1719 1319 τὸν

199 1353 491 1422 ἀνδροφόνον
529 1354 701 1423 ἰκτείνῃ
736 1354 1039 1422 ἀπεχόμενον,
1074 1353 1267 1421 ιςφησὶν,
1295 1356 1471 1419 ἀγορᾶς
1509 1354 1713 1422 ἐφορίας.

198 1439 247 1489 τί
273 1444 411 1489 τοῦτο
438 1439 594 1503 λέγων
616 1461 628 1501 3
672 1444 766 1489 τῶν
793 1440 931 1505 ὁρίων
966 1442 1048 1502 τῆς
1086 1438 1256 1505 χώρας·
1297 1439 1497 1488 ἐνταῦθα
1523 1437 1629 1504 γὰρ,
1657 1436 1718 1491 ὥς

197 1519 261 1586 ιγ’
289 1523 388 1584 ἐμοὶ
427 1526 562 1585 δοκεῖ,
589 1525 790 1590 τάρχαῖα
829 1521 1072 1590 συνῄεσαν
1110 1525 1152 1572 οἱ
1190 1520 1466 1589 πρόσχωροι
1504 1521 1634 1586 παρά
1667 1544 1715 1571 τε
1729 1549 1765 1579 25

197 1605 328 1668 ἡμῶν
366 1608 441 1656 καὶ
480 1611 572 1656 τῶν
607 1606 968 1672 ἀστυγειτόνων,
996 1606 1102 1656 ὅθεν
1129 1604 1366 1669 ὠνόμακεν
1391 1604 1570 1671 ἀγορὰν
1596 1606 1711 1672 ἐφο-

129 1706 183 1747 45
196 1688 313 1754 ρίαν.
372 1692 447 1740 καὶ
488 1689 636 1741 πάλιν
676 1695 809 1756 ἱερῶν
854 1691 1278 1757 Ἀμφικτυονικῶν.
1336 1690 1383 1740 τί
1423 1689 1594 1753 δήποτε
1638 1691 1714 1740 καὶ

194 1772 371 1824 τούτων
388 1775 638 1825 ἀπέκλεισε
659 1774 740 1825 τὸν
760 1772 1054 1842 ἀνδροφόνον
1074 1796 1085 1835 ;
1127 1773 1256 1824 ὅσων
1277 1777 1343 1842 τῷ
1363 1771 1561 1824 παθόντι
1579 1773 1714 1838 ζῶντι

194 1861 353 1921 μετῆν,
380 1857 558 1908 τούτων
583 1858 723 1923 ε’ίργει
760 1856 843 1908 τὸν
870 1856 1140 1923 δεδρακότα,
1169 1861 1358 1922 πρῶτον
1383 1855 1468 1918 μὲν
1493 1859 1575 1919 τῆς
1612 1879 1708 1908 ποι-
1727 1872 1751 1911 6
1755 1885 1806 1926 33

195 1941 349 2006 τρίδος
388 1944 463 1991 καὶ
499 1946 593 1992 τῶν
625 1942 674 1991 ἐν
709 1942 893 2009 ἴῃταύτῃ
929 1940 1120 1992 πάντων
1152 1943 1227 1991 καὶ
1265 1941 1412 1991 ὁσίων
1451 1942 1525 1991 καὶ
1565 1944 1712 2005 ἱερῶν,

194 2024 279 2088 τὴν
304 2027 498 2094 ἐφορίαν
524 2025 704 2092 ἀγορὰν
731 2025 840 2092 ὅρον
864 2024 1204 2093 προσγράψας,
1233 2024 1314 2088 “ἧς
1341 2023 1585 2089 εἴργεσθαί
1612 2029 1706 2092 φη-

193 2131 288 2171 σιν,
311 2107 408 2159 εἶτα
433 2114 528 2159 τῶν
554 2113 687 2176 ἱερῶν
713 2113 806 2160 τῶν
826 2111 873 2160 ἐν
893 2107 1259 2177 ΟἈμφικτύοσι·
1301 2108 1377 2157 καὶ
1403 2106 1496 2172 γὰρ
1516 2107 1708 2169 τούτων,

193 2192 350 2258 εἴπερ
384 2191 441 2256 ἧν
467 2190 658 2256 ρΈλλην
684 2193 709 2243 ὁ
745 2192 924 2254 παθὼν,
957 2194 1100 2255 μετῆν
1126 2192 1264 2260 αὐτῷ.
1305 2193 1380 2241 καὶ
1416 2191 1591 2242 ἄθλων.
1632 2189 1707 2240 διὰ
1719 2218 1734 2247 5

194 2273 241 2322 τί
257 2295 270 2335 3
314 2272 385 2323 ὅτι
423 2276 565 2324 κοινοὶ
603 2275 752 2324 πᾶσίν
783 2278 903 2324 εἰσιν
938 2278 980 2324 οἱ
1018 2272 1136 2323 κατὰ
1162 2271 1247 2336 τὴν
1272 2270 1493 2323 “Ελλάδα
1518 2274 1706 2337 ἀγῶνες,

195 2355 313 2407 κατὰ
356 2354 405 2406 δὲ
445 2354 530 2419 τὴν
570 2357 760 2408 πάντων
800 2358 1055 2420 μετουσίαν
1099 2359 1244 2419 μετῆν
1297 2359 1371 2406 καὶ
1418 2354 1596 2405 τούτων
1642 2359 1709 2424 τῷ

128 2450 182 2498 46
196 2439 484 2491 Ρπεπονθότι·
525 2442 600 2491 καὶ
639 2440 816 2492 τούτων
857 2442 937 2491 οὖν
978 2440 1243 2507 ἀπεχέσθω.
1287 2439 1495 2491 (Ῑτούτων
1529 2439 1614 2503 μὲν
1651 2438 1707 2503 δὴ

249 2623 264 2645 ¹³
286 2625 338 2657 καὶ
357 2636 426 2658 om.
449 2624 492 2658 Ο.
631 2630 647 2650 ⁰
666 2624 878 2670 ἁπανταχοῦ]
903 2627 1076 2669 πανταχοῦ
1096 2626 1240 2661 A.k.r.s.
1381 2622 1398 2649 (Ῑ
1420 2625 1471 2658 καὶ
1492 2636 1560 2658 om.
1585 2636 1638 2669 pr.
1663 2623 1706 2658 Ο.

194 2682 210 2701 θ
229 2675 516 2722 ἀποκτιννύωμεν]
540 2676 827 2721 ἀποκτειννύωμεν
848 2679 887 2712 A.
980 2675 995 2702 f
1011 2679 1095 2722 μόνη
1114 2679 1236 2725 λοιπὴ]
1260 2680 1344 2722 μόνη
1365 2679 1417 2711 καὶ
1437 2678 1539 2720 λοιπὴ
1559 2678 1707 2711 A.k.1·.s.

195 2735 214 2763 g
234 2729 467 2775 μεταστάντα]
493 2731 725 2774 μεταστάντας
745 2732 778 2764 k.
867 2728 887 2755 h
906 2731 1155 2777 ἀτυχημάτωνΤ
1170 2731 1381 2774 ἀδικημάτων
1401 2731 1441 2764 A.
1465 2731 1515 2773 (in
1537 2742 1606 2775 quo
1626 2729 1706 2763 ἀτυ·

193 2783 353 2827 χημάτων
373 2794 393 2815 a
411 2794 457 2816 m.
479 2795 547 2816 rec.
570 2786 760 2830 superscr.)
780 2785 877 2819 k.1·.s.
1016 2781 1027 2809 i
1046 2783 1173 2830 κτείνῃ]
1198 2785 1293 2827 κτενῆ
1314 2796 1366 2829 pr.
1388 2784 1423 2817 k.
1563 2784 1576 2803 Κ
1600 2783 1709 2826 φησὶν

195 2847 266 2869 om.
287 2836 323 2868 k.
448 2832 457 2861 1
477 2835 508 2880 γ’
529 2835 603 2879 ἐμοὶ
621 2838 696 2871 A.S.
726 2838 840 2883 ἔμοιγε
859 2850 889 2873 r.
919 2838 959 2883 ’γέ
978 2852 1035 2879 μοι
1053 2838 1171 2883 vulgo.
1298 2843 1326 2861 m
1347 2834 1470 2881 ταύτῃ]
1494 2836 1576 2878 αὐτῇ
1596 2836 1707 2870 A.k.l·.

196 2893 215 2911 Π
235 2887 272 2931 ἧς
292 2888 385 2921 delet
406 2888 582 2923 Reiskius.
693 2895 711 2914 o
738 2889 985 2936 Ἀμφικτύοσι]
1008 2890 1219 2936 ἀμφικτυόσι
1239 2890 1431 2935 Α.Ο.1“.ε;ν.
1542 2894 1561 2922 P
1582 2901 1706 2922 πεπον-

195 2940 285 2987 θότι]
309 2941 450 2974 παθόντι
472 2941 576 2975 F.s.v.
689 2949 708 2975 q
728 2942 856 2977 τούτων
874 2943 952 2989 μὲν]
976 2945 1099 2978 τοῦτον
1117 2944 1178 2988 μὲν
1194 2944 1233 2984 k.

254 3015 345 3041 vOL.
371 3015 421 3040 11.
924 3018 946 3043 B
969 3004 994 3044 b
