1954 3273
128 216 283 261 —797,
307 222 356 251 ¹7·
653 210 796 248 ΚΑΤΑ
829 207 1302 247 ΑΡΙΣΤΟΓΕΙΤΟΝΟΣ
1334 207 1381 243 A.
1690 201 1774 240 833

161 337 239 366 102
252 320 396 371 πόλιν
438 324 599 371 οἰκεῖτε
640 322 859 389 δημοσίᾳ.
930 323 1028 371 πῶς
1075 319 1156 368 οὖν
1193 319 1387 376 ἐκεῖναι;
1447 314 1566 365 ὅπου
1615 314 1772 380 πατήρ

251 406 354 455 ἐστι
397 407 472 455 καὶ
514 407 619 458 υἱεῖς
659 404 836 470 ἄνδρες,
877 401 1020 470 τυχὸν
1059 401 1108 452 δὲ
1149 403 1223 452 καὶ
1268 399 1447 451 τούτων
1488 402 1661 460 παῖδες,
1699 400 1825 449 ε’ν-πο

251 489 380 538 ταῦθ’
425 486 607 552 ἀνάγκη
651 486 843 541 πολλὰς
888 488 963 536 καὶ
1008 484 1151 549 μηδὲν
1196 485 1383 548 Ζὸμοιάς
1428 481 1541 533 εἶναι
1584 481 1767 545 βουλή-

251 590 363 625 σεις·
405 573 458 622 οὐ
493 571 586 637 γὰρ
618 575 712 622 τῶν
744 572 898 621 αὐτῶν
936 572 1040 621 οὕτε
1080 570 1239 635 λόγων
1274 569 1366 619 οὔτ’
1395 567 1545 633 ἔργων
1580 569 1710 617 ἐστὶν
1742 568 1770 631 ἡ

1155 661 1236 703 ξιτε
1283 652 1374 702 νεόι
1416 650 1557 702 πάνθ’
1599 650 1671 700 ὅσ’
1713 650 1771 700 ἂν

1098 654 1118 670 e!

251 655 408 720 νεότης
447 659 513 724 τῷ
552 655 692 723 γήρᾳ.
755 655 866 705 ἀλλ’
909 654 1032 717 ὅμως
1072 676 1113 703 οι

247 738 538 805 πράττωσιν,
572 739 719 804 ἄνπερ
751 735 842 788 ὦσι
880 737 1069 803 μέτριοι,
1102 737 1222 786 οὕτω
1260 739 1479 785 ποιοῦσιν
1511 732 1636 784 ὥστε
1669 733 1764 796 μά-

249 831 397 874 λιστα
434 823 518 886 μὲν
556 827 809 889 πειρᾶσθαι
849 820 1112 883 λανθάνειν,
1140 825 1177 871 εὶ
1208 820 1255 871 δὲ
1289 818 1368 883 μὴ,
1395 820 1594 886 φανεροί
1622 822 1669 883 γ’
1697 816 1759 869 εἶ·
1780 837 1818 867 ²5

248 929 322 956 ναι
348 913 486 957 τοῦτο
512 906 794 970 βουλόμενοι
819 911 982 957 ποιεῖν·
1026 906 1072 956 οἵ
1099 928 1148 955 τε
1181 903 1496 970 πρεσβύτεροι
1520 902 1680 964 πάλιν,
1709 900 1766 952 ἂν

245 991 315 1056 ἄρ’
345 991 510 1042 ’ίδωσιν
536 990 564 1055 ὴ
592 990 804 1054 δαπάνην
830 990 858 1055 ἦ
886 990 1033 1041 πότον
1058 987 1116 1053 ϋῆ
1143 987 1333 1040 παιδιὰν
1367 988 1516 1039 πλείω
1555 990 1637 1050 τῆς
1675 1009 1758 1050 με·

243 1075 387 1141 τριάς,
415 1077 535 1126 οὕτω
571 1080 703 1126 ταῦθ’
732 1077 908 1142 ὁρῶσιν
943 1073 1067 1125 ὥστε
1104 1072 1169 1137 μὴ
1204 1075 1354 1123 δοκεῖν
1380 1071 1658 1137 ςὲορακέναι.
1714 1072 1764 1121 ἐκ

243 1159 292 1209 δὲ
332 1159 511 1210 τούτων
549 1160 764 1225 γίγνεταί
797 1182 847 1209 τε
886 1158 1027 1210 πάνθ’
1064 1157 1095 1208 ἃ
1131 1158 1359 1225 φερουσιν
1397 1160 1444 1207 αὶ
1482 1155 1650 1223 φύσεις
1688 1157 1763 1205 καὶ

153 1261 228 1304 103
244 1248 402 1297 καλῶς
458 1245 682 1309 γίγνεται.
761 1242 843 1294 τὸν
907 1241 1048 1293 αὑτὸν
1110 1242 1265 1292 τοίνυν
1322 1239 1535 1305 ἀτρόπον
1592 1241 1857 1303 θὺμεῖς,797

242 1325 306 1377 seg
345 1327 507 1393 ἄνδρες
547 1332 803 1392 Ἀθηναῖοι,
839 1327 924 1391 τὴν
962 1327 1106 1378 πόλιν
1145 1330 1319 1387 οἰκεῖτε,
1358 1329 1650 1390 συγγενικῶς
1688 1326 1764 1374 καὶ

242 1412 606 1479 φιλανθρώπως,
641 1415 682 1462 οὶ
721 1412 804 1474 μὲν
840 1413 986 1464 οὕτως
1023 1412 1220 1477 ὁρῶντες
1253 1408 1313 1460 τὰ
1343 1413 1436 1459 τῶν
1463 1408 1764 1475 ἠτυχηκότων

240 1495 355 1561 ἔργα
392 1495 566 1557 ἕῶστε,
606 1494 659 1546 τὸ
699 1499 782 1560 τῆς
825 1496 1090 1561 παροιμίας,
1131 1493 1373 1560 ῧὸρῶντας
1418 1491 1483 1556 μὴ
1528 1494 1642 1557 ὁρᾶν
1687 1494 1791 1543 καὶὸ

239 1579 494 1633 ἀκούοντας
526 1579 590 1644 μὴ
618 1581 812 1642 ἀκούειν,
841 1583 881 1630 οἱ
909 1583 949 1630 δ’
978 1581 1098 1630 οὕτω
1134 1584 1373 1631 ποιοῦντες
1400 1575 1431 1627 ἂ
1455 1575 1761 1643 πράττουσιν,

238 1661 352 1714 ὥστ’
387 1661 500 1713 εἶναι
539 1666 732 1731 φανεροὶ
772 1661 868 1713 ἰκαὶ
907 1663 1255 1731 φυλαττόμενοι
1295 1664 1370 1712 καὶ
1411 1660 1756 1728 αἰσχυνόμενοι.

237 1750 287 1798 ἐκ
314 1746 362 1798 δὲ
387 1748 565 1798 τούτων
592 1748 619 1812 ἡ
652 1745 780 1810 κοινὴ
809 1746 916 1797 Ιζκαὶ
953 1745 1145 1798 πάντων
1183 1750 1277 1796 τῶν
1313 1747 1506 1809 ἀγαθῶν
1543 1746 1666 1795 αἰτία
1703 1749 1762 1813 τῇ

148 1832 376 1895 ιο4πόλει
412 1832 536 1895 με’νει
569 1835 643 1882 καὶ
680 1832 970 1896 συνέστηκεν
1002 1830 1206 1895 ὁμόνοια.
1258 1836 1405 1881 ταῦτα
1435 1853 1589 1880 τοινυν
1622 1834 1754 1895 Ἀρι-

238 1917 497 1982 στογείτων
535 1916 594 1966 τὰ
633 1920 789 1970 καλῶς
828 1918 949 1966 οὕτω
987 1915 1236 1980 πεπηγότα
1273 1918 1331 1982 τῇ
1368 1915 1510 1982 φύσει
1550 1916 1626 1964 καὶ
1663 1919 1758 1967 τοῖς
1776 1936 1813 1957 10

236 2001 375 2064 ἤθεσι
406 2005 502 2054 τοῖς
534 1999 792 2064 Ῑὺμετέροις
828 2005 945 2050 κινεῖ
979 2002 1055 2049 καὶ
1088 2002 1267 2065 ἀναιρεῖ
1300 2000 1373 2048 καὶ
1406 2006 1437 2023 ¹¹²
1447 1999 1759 2064 μεταρρίπτει,

236 2086 312 2135 καὶ
357 2082 388 2134 ἃ
432 2089 527 2135 τῶν
572 2084 738 2134 ἄλλων
777 2088 908 2134 Πτῶν
952 2082 1254 2149 ἠτυχηκότων
1298 2083 1494 2136 ἕκαστος
1539 2084 1760 2151 ἀψοφητὶ

234 2175 367 2231 ποιεῖ,
407 2170 536 2220 ταῦθ’
576 2169 744 2223 οοῦτος
782 2169 929 2232 μόνον
967 2169 1020 2219 οὐ
1058 2168 1276 2221 κώδωνας
1314 2167 1613 2236 ἐξαψάμενος
1652 2170 1753 2218 δια-

233 2253 505 2319 πράττεται.
561 2254 614 2303 οὐ
651 2252 889 2319 πρύτανις,
923 2254 977 2303 οὐ
1015 2252 1179 2320 κῆρυξ,
1212 2254 1294 2302 οὐκ
1333 2250 1601 2315 ἐπιστάτης,
1635 2252 1756 2318 Ρούχ
1772 2271 1806 2302 15

143 2339 263 2405 ιο5ἡ
289 2336 638 2404 προεδρεύουσα
665 2335 796 2404 φυλὴ
820 2336 987 2387 τούτου
1013 2340 1196 2401 κρατεῖν
1219 2335 1422 2386 δύναται.
1464 2333 1649 2385 ἐπειδὰν
1675 2335 1757 2385 οὖν

233 2445 303 2476 Τίς
329 2423 457 2484 ὑμῶν
483 2422 555 2489 ἐφ’
585 2419 651 2474 Οἷς
685 2420 818 2474 Οὗτος
852 2420 1126 2484 ἀσελγαίνει
1162 2421 1386 2482 λυπηθεὶς
1413 2418 1546 2485 Ἷεῖπῃ
1574 2425 1600 2447 “
1618 2425 1749 2469 ‘7-01)-

287 2570 305 2589 Ζ
325 2563 458 2609 ὁμοίας]
484 2563 619 2607 ὁμοίους
640 2564 684 2597 O.
830 2568 848 2588 a
871 2577 908 2597 τε
928 2575 997 2598 om.
1018 2575 1050 2596 v.
1193 2559 1212 2587 b
1233 2562 1251 2605 ἦ
1272 2562 1599 2605 παιδιὰν-μετρίας
1618 2573 1687 2595 0111.
1709 2563 1751 2596 A.

233 2624 249 2643 0
268 2617 439 2663 ἑορακέναι
458 2630 510 2663 pr.
529 2617 564 2650 S.
594 2617 770 2661 ἑωρακέναι
791 2617 908 2663 vulgo.
979 2613 997 2640 d
1017 2616 1162 2662 τρόπον]
1186 2617 1314 2660 τρόπον
1333 2618 1454 2648 τοῦτον
1474 2615 1547 2648 F.v.
1624 2620 1639 2638 θ
1660 2614 1753 2658 ὑμεῖς

234 2671 365 2705 S.Y.O.
403 2671 601 2716 Legebatur
622 2671 674 2703 καὶ
695 2670 798 2713 ὑμεῖς.
908 2667 923 2694 f
940 2666 965 2702 (3
985 2681 1055 2703 0111.
1075 2682 1109 2703 v.
1209 2675 1229 2702 g
1249 2668 1356 2714 ὥστε]
1382 2668 1464 2712 ὅπερ
1487 2668 1569 2701 B.F.
1590 2674 1625 2701 et
1645 2680 1696 2712 pr.
1717 2680 1750 2701 v.

231 2724 348 2770 ὥσπερ
369 2724 452 2758 S.O.
474 2730 508 2758 et
528 2730 704 2758 correctus
724 2735 757 2757 v.
788 2738 843 2768 γρ.
865 2722 983 2768 ὥσπερ
1003 2735 1124 2768 margo
1146 2724 1186 2757 Β.
1298 2719 1318 2745 h
1342 2719 1744 2766 ὁρῶντας-ἀκούοντας]

341 2787 360 2805 α
573 2786 592 2804 α

230 2808 606 2857 ὁρῶντες-ἀκούοντες
627 2810 665 2844 F.
696 2809 1071 2854 ὁρῶντες-ἀκούοντες
1091 2821 1122 2842 v.
1235 2806 1244 2832 i
1265 2809 1316 2841 καὶ
1336 2820 1404 2841 om.
1428 2807 1548 2840 F.O.V.
1656 2803 1676 2830 k
1696 2806 1749 2841 καὶ

230 2877 299 2898 om.
322 2864 365 2898 Ο.
466 2860 476 2887 Ῑ
497 2862 686 2908 ὑμετέροις]
709 2862 881 2907 ἡμετέροις
900 2863 934 2895 k.
1010 2884 1014 2887 >
1044 2868 1074 2886 m
1094 2861 1311 2907 μεταρρίπτει
1334 2860 1501 2894 F.Y.O.v.
1531 2862 1750 2905 μεταρριπτεῖ

229 2918 348 2963 vulgo.
382 2918 581 2961 μεταριπτεῖ
598 2918 638 2950 A.
660 2916 835 2961 adscripto
855 2928 875 2949 a
894 2928 941 2950 m.
963 2915 1201 2949 recentissima
1220 2916 1330 2949 altero
1349 2929 1382 2959 ρ.
1418 2915 1574 2948 Accentu
1595 2919 1688 2947 caret
1710 2913 1745 2946 S.

229 2977 248 2994 ¹¹
269 2974 336 3004 τῶν
355 2982 426 3004 om.
449 2969 493 3004 Ο.
605 2976 622 2994 0
642 2968 758 3014 οὗτος]
782 2983 888 3003 ουτως
907 2981 958 3014 pr.
984 2969 1019 3002 S.
1122 2974 1140 3001 P
1161 2965 1225 3012 οὐχ
1245 2968 1281 3013 ἡ]
1306 2968 1382 3012 οὐχὶ
1403 2980 1433 3001 v,
1530 2973 1549 2999 q
1570 2965 1644 3009 εἵπῃ
1666 2972 1745 3012 post

228 3025 335 3057 ποιεῖν
354 3024 512 3058 A.F.V.k.
604 3029 618 3047 Γ
638 3022 787 3068 τουτονὶ]
813 3023 946 3056 τουτονὶ
965 3022 1000 3055 δέ
1021 3023 1104 3056 A.k.
1136 3024 1258 3055 τοῦτον
1278 3022 1312 3055 S.

935 3096 1048 3123 ZZ2
