1954 3273
60 161 218 215 —658‚
241 175 291 202 16.
626 164 772 204 ΚΑΤΑ
809 165 1268 204 ΑΡιΣΤοΚΡΑΤοΎΣ.
1623 162 1707 208 689

184 280 399 341 γνεσθαι·
450 277 503 328 οὐ
547 276 640 342 μὴν
680 279 791 327 ἀλλ’
828 275 853 327 ὃ
891 276 1106 340 μάλιστα
1144 274 1394 343 πρόχειρον
1436 276 1541 343 ἔχω,
1579 282 1704 327 τοῦτ’

184 361 288 427 ἐρῶ.
344 361 448 412 ’ίστε
482 360 631 426 δήπου
665 362 924 424 Φίλιππον,
950 359 1014 411 Υεῗ)
1047 362 1211 427 ἄνδρες
1241 362 1497 425 Ἀθηναῖοι,
1523 365 1707 412 τουτονὶ

93 469 169 512 133
184 445 266 497 τὸν
301 446 568 509 Μακεδόνα,
600 445 637 516 ᾧ
670 449 796 498 πολὺ
832 446 983 510 δήπου
1019 450 1209 509 μᾶλλον
1244 446 1504 496 ἐλυσιτέλει
1538 444 1622 500 τὰς
1653 446 1710 514 ἐξ

183 529 375 594 ἁπάσης
410 532 706 584 Μακεδονίας
743 529 1010 597 προσόδους
1049 531 1194 583 ἀδεῶς
1232 527 1494 592 λαμβάνειν
1525 528 1554 594 ἢ
1589 529 1706 593 μετὰ
1720 556 1760 578 20

183 613 406 665 κινδύνων
440 614 523 667 τὰς
558 615 615 683 ἐξ
639 612 992 681 Ἀμφιπόλεως,
1027 615 1102 664 καὶ
1138 615 1346 680 χρῆσθαι
1381 614 1550 682 φίλους
1585 617 1706 680 αἱρε-

181 698 383 763 τώτερον
424 697 482 762 ἧν
523 700 647 768 αὐτῷ
687 703 783 751 τοῖς
824 703 1066 764 πατρικοῖς
1105 699 1246 761 Ζὑμῖν
1283 697 1312 762 ἢ
1352 702 1626 761 Θετταλοῖς,
1664 699 1707 750 οἳ

181 781 264 833 τὸν
313 781 471 848 πατέρ’
525 783 666 833 αὐτοῦ
723 790 740 809 ³
758 783 861 834 ποτ’
916 783 1160 851 ἐξέβαλον.
1230 782 1338 833 ἄνευ
1394 782 1488 850 γὰρ
1539 783 1707 835 τούτου

182 867 364 915 κάκεῖνο
390 865 521 916 ε”στιν
547 867 670 916 ἰδεῖν·
711 866 837 927 ὑμεῖς
864 864 987 928 ι)με“ν,
1009 863 1046 915 ὦ
1072 865 1235 930 ἄνδρες
1260 867 1516 931 Ἀθηναῖοι,
1543 868 1707 918 οὐδένα

181 951 482 1017 προύδώκατε
535 951 726 1002 πώποτε
785 955 879 1001 τῶν
930 950 1101 1020 φίλων,
1154 955 1391 1003 Θετταλοὶ
1442 952 1491 1003 δὲ
1542 952 1706 1004 οὐδένα
1719 975 1757 1007 25

90 1034 367 1096 Ι34πώποθ’
410 1033 550 1084 ὅντιν’
594 1035 660 1086 οὗ.
721 1036 832 1084 ἀλλ’
873 1033 996 1097 ὅμως
1045 1035 1223 1089 θοῧτως
1273 1035 1477 1103 ἐχόντων
1528 1035 1707 1088 τούτων

179 1117 322 1185 μικρὰ
361 1116 622 1180 λαμβάνειν
657 1120 731 1169 καὶ
772 1118 877 1172 τοὺς
917 1119 1147 1172 ἀπίστους
1183 1119 1353 1186 φίλους
1391 1122 1466 1170 καὶ
1507 1119 1561 1170 τὸ
1602 1144 1702 1171 κιν-

180 1201 381 1252 δυνεύειν
415 1203 517 1253 ἀντὶ
552 1208 635 1253 τοῦ
669 1203 766 1265 μετ’
796 1204 1064 1271 ἀσφαλείας
1098 1204 1184 1269 ζῆν
1211 1205 1348 1270 ὁρᾶτε
1379 1205 1706 1272 προῃρημένον

180 1285 334 1336 αὐτόν.
380 1286 429 1336 τί
451 1284 507 1350 δή
530 1284 658 1337 ἀποτ’
681 1286 828 1337 α’ίτιον
848 1308 858 1347 ;
897 1287 950 1337 οὐ
976 1286 1069 1353 γὰρ
1090 1286 1146 1351 δὴ
1173 1288 1323 1353 λόγον
1347 1310 1404 1354 γε
1428 1288 1484 1338 τὸ
1507 1293 1707 1355 πρᾶγμα

90 1388 167 1432 135
181 1371 354 1420 οὑτωσὶ
387 1369 663 1437 Θπρόχειρον
702 1370 809 1438 ἔχει.
867 1370 950 1432 ὅτι,
984 1368 1021 1420 ὦ
1057 1370 1248 1437 Ϊὸίνδρες
1280 1370 1544 1436 4Ἀθηναῖοι,
1579 1375 1706 1425 δυοῖν
1720 1386 1801 1440 658

181 1456 378 1520 ἀγαθοῖν
414 1454 568 1506 ὄντοιν
602 1459 753 1506 πᾶσιν
785 1455 1063 1521 ἀνθρώποις,
1094 1462 1176 1507 τοῦ
1215 1454 1301 1520 μὲν
1334 1456 1593 1522 ἡγουμένου
1631 1460 1707 1508 καὶ

178 1539 407 1604 μεγίστου
458 1538 664 1603 πάντων,
705 1545 789 1591 τοῦ
839 1541 1060 1607 εὐτυχεῖν,
1102 1545 1185 1590 τοῦ
1230 1539 1277 1591 δὲ
1321 1540 1574 1595 ἐλάττονος
1620 1541 1706 1605 μὲν

178 1623 358 1686 τούτου,
392 1628 486 1675 τῶν
520 1625 558 1674 δ’
589 1625 756 1675 ἄλλων
791 1625 1033 1690 μεγίστου,
1066 1629 1149 1674 τοῦ
1184 1628 1341 1677 καλῶς
1375 1624 1733 1689 βουλεύεσθαι,5

176 1708 263 1774 οὐχ
309 1707 406 1771 ἅμα
458 1709 485 1772 ἡ
534 1711 701 1772 κτῆσις
751 1710 1091 1775 παραγίγνεται
1142 1713 1237 1761 τοῖς
1287 1708 1564 1775 ἀνθρώποις,
1608 1710 1701 1760 οὐδ’

177 1791 269 1859 ἕχει
310 1797 406 1844 τῶν
445 1794 530 1843 ἕεῦ
572 1792 878 1859 πραττόντων
919 1794 1064 1846 οὐδεὶς
1106 1792 1216 1858 ὅρον
1254 1790 1318 1854 ¹¹7⁴}
1361 1791 1582 1857 τελευτὴν
1621 1796 1704 1858 τῆς

177 1882 260 1927 τοῦ
307 1883 603 1929 πλεονεκτεῖν
647 1879 907 1942 ἐπιθυμίας·
962 1878 1016 1927 δι’
1059 1876 1174 1942 ὅπερ
1219 1875 1422 1927 ἰπολλοὶ
1466 1876 1703 1932 πολλάκις

87 1977 167 2030 136
178 1960 400 2027 μειζόνων
437 1960 803 2026 1(ἐπιθυμοῦντες
848 1960 907 2012 τὰ
951 1959 1164 2028 παρόντα
1207 1961 1481 2012 ἀπώλεσαν.
1539 1964 1614 2012 καὶ
1659 1962 1708 2012 τί

178 2048 249 2096 δεῖ
276 2046 521 2097 Φίλιππον
546 2045 701 2112 λέγειν
727 2045 763 2109 ἤ
790 2047 871 2097 τιν’
902 2045 1057 2096 ἄλλον
1080 2067 1091 2107 ;
1135 2045 1246 2095 ἀλλ’
1276 2046 1301 2095 ὁ
1327 2044 1484 2111 πατὴρ
1510 2045 1649 2100 αὐτὸς
1676 2047 1754 2097 ὁιο

1090 2127 1101 2155 ¹
1113 2127 1364 2195 στασιάζοι
1401 2128 1520 2195 πρός
1558 2152 1701 2194 τινας,

179 2129 558 2194 Κερσοβλέπτου
596 2128 764 2193 Κότυς,
797 2130 932 2193 ἡνίκα
970 2127 1056 2193 μὲν

176 2213 401 2278 πρέσβεις
438 2214 675 2277 ’Ππέμπων
714 2211 930 2265 Πᾶπαντα
967 2218 1115 2265 ποιεῖν
1154 2213 1334 2277 ἕτοιμος
1372 2211 1443 2277 ἧν,
1483 2217 1558 2265 καὶ
1597 2214 1703 2266 τότε

176 2295 415 2363 ᾐσθάνετο
454 2298 516 2350 ὡς
554 2297 835 2351 ἀλυσιτελὲς
873 2297 960 2348 Οτὸ
1000 2301 1057 2365 τῇ
1096 2297 1234 2348 πόλει
1271 2302 1511 2361 πολεμεῖν,
1545 2298 1701 2364 ἐπειδὴ

178 2382 216 2431 δ’
245 2382 324 2448 ὑφ’
356 2383 512 2450 paon}
549 2381 635 2446 τὴν
675 2381 873 2451 Θρᾴκην
906 2382 1049 2450 (Ῑὲχοι,
1090 2381 1418 2446 κατελάμβανε
1456 2382 1566 2437 1’τοὶς
1604 2383 1692 2435 πό·
1713 2410 1749 2444 1⁴5

178 2470 285 2526 λεις,
324 2465 481 2528 ἠδίκει,
525 2465 709 2528 μεθύων
753 2465 978 2534 ἐπαρῴνει
1022 2464 1239 2529 μάλιστα
1283 2465 1367 2530 μὲν
1409 2471 1471 2520 εἷς
1509 2474 1524 2493 ³
1543 2466 1698 2531 αὑτὸν,

233 2611 250 2634 y
270 2601 296 2639 ὦ
315 2617 385 2640 om.
410 2606 494 2641 S.O.
526 2605 644 2652 ἄνδρες
664 2618 734 2641 om.
755 2607 871 2642 A.k.v.
892 2608 948 2641 hic
968 2613 1004 2642 et
1022 2608 1113 2642 infra
1131 2608 1207 2643 fere
1223 2614 1436 2643 constanter.
1560 2614 1579 2633 Ζ
1598 2608 1697 2655 ὑμῖν]

178 2657 255 2701 ἡμῖν
274 2659 343 2692 kx.
430 2665 449 2684 ⁰-
468 2658 543 2692 ποτ’
563 2671 633 2694 om.
652 2660 723 2694 k.V.
807 2656 827 2684 b
847 2661 908 2704 μὲν
927 2673 997 2695 om.
1017 2673 1069 2706 pr.
1088 2661 1133 2696 Ο.
1218 2667 1231 2682 c
1251 2661 1358 2698 οὕτως
1377 2663 1524 2706 ἐχόντων
1543 2660 1694 2708 τούτων]

176 2710 306 2745 τούτων
326 2711 430 2747 οὕτως
449 2712 596 2756 ἐχόντων
614 2725 647 2747 v.
767 2710 783 2734 d
803 2712 878 2746 ποτ’
898 2712 1022 2760 αἴτιον]
1047 2729 1130 2748 ποτε
1148 2715 1188 2748 τὸ
1207 2714 1316 2749 α’ίτιον
1335 2716 1449 2749 F.k.v.
1573 2720 1589 2739 e
1608 2717 1694 2760 πρό-

177 2764 309 2810 χειρον]
333 2764 470 2810 μέτριον
490 2777 518 2799 r.
601 2762 616 2790 f
632 2766 751 2811 ἅνδρες
770 2778 841 2800 om.
863 2767 966 2801 k.r.V.
1051 2773 1072 2801 g
1091 2766 1127 2801 εὖ
1146 2780 1216 2802 om.
1236 2769 1343 2803 A.r.s.
1429 2766 1445 2788 ¹¹
1465 2767 1483 2811 ἢ
1506 2768 1542 2802 S.
1582 2768 1695 2813 Lege-

178 2817 282 2851 batur
301 2818 390 2852 οὐδέ.
466 2814 476 2842 i
496 2819 622 2852 πολλοὶ
642 2830 711 2853 om.
732 2820 769 2854 k.
856 2816 875 2844 k
897 2820 1154 2868 ἐπιθυμοῦντες]
1177 2821 1444 2865 ἐπιθυμήσαντες
1465 2822 1503 2855 F.
1577 2818 1588 2846 1
1609 2835 1693 2855 στα-

179 2871 307 2916 σιάζοι]
333 2871 510 2913 στασιάζει
528 2884 562 2906 v.
648 2878 678 2897 m
697 2872 855 2918 πέμπων]
879 2874 1026 2917 πέμπων
1039 2874 1125 2919 πρὸς
1145 2874 1229 2918 ἡμᾶς
1248 2876 1426 2910 A.k.1·.S.V.
1502 2880 1522 2898 ¹1
1542 2874 1690 2921 ἅπαντα]

178 2923 288 2957 πάντα
307 2924 342 2957 k.
452 2929 471 2949 0
490 2925 530 2957 τὸ
550 2937 619 2959 om.
640 2926 711 2961 k.v.
814 2931 829 2954 Ρ
849 2925 939 2973 αὑτῷ
959 2927 993 2961 S.
1024 2928 1130 2975 ἑαυτῷ
1149 2928 1266 2974 vulgo.
1369 2934 1388 2961 q
1407 2926 1496 2973 ἔχοι]
1520 2928 1591 2973 ἕχει
1612 2927 1692 2963 ΟΝ.

179 2981 195 3001 1'
213 2977 273 3012 τὰς
291 2976 424 3023 πόλεις]
448 2977 508 3021 τὴν
527 2980 629 3013 πόλιν
648 2980 721 3013 A.r.
834 2984 849 3003 S
869 2979 972 3014 αὑτὸν
992 2981 1028 3014 S.
1057 2981 1176 3015 ἑαυτὸν
1194 2978 1312 3027 i'tllgo.

878 3053 997 3082 ΕΘΖ
