1954 3273
248 207 332 248 710
796 215 1222 253 AHMOEQENOTE
1321 214 1404 253 On.
1426 214 1618 256 xxm.
1642 184 1679 270 p.
1697 217 1794 268 677,
1810 232 1884 256 .-

246 342 327 372 τος
351 322 637 387 Χαρίδημος,
665 324 747 374 οὐκ
779 323 912 376 ὄντος
947 325 1144 387 νομίμου
1176 329 1271 377 τοῖς
1299 324 1487 393 Θρᾳξὶν
1517 326 1760 391 ἀλλήλους
1774 339 1854 391 677

246 401 616 468 ὴάποκτιννύναι,
643 406 782 471 γνοὺς
813 407 885 457 ὅτι
924 407 1197 471 σωθήσεται
1231 408 1350 473 πρὸς
1386 409 1764 473 Κερσοβλέπτην

245 483 305 535 ἀν
330 485 487 555 ἱάχθῇ,
513 491 810 555 παραδίδωσι
847 492 1127 556 Καρδιανοῖς
1163 496 1258 544 τοῖς
1296 491 1528 556 ὑμετέροις
1562 493 1758 558 ἐχθροῖς.

153 587 232 617 202
246 572 446 621 κάκεῖνοι
479 572 708 633 λαβόντες
747 572 848 623 ιίκαὶ
886 573 1028 624 αὐτὸν
1066 576 1142 624 καὶ
1179 574 1261 624 τὸν
1301 573 1410 636 υἱὸν,
1447 573 1762 638 ἀναγαγόντες

245 656 308 705 εἷς
340 653 395 703 τὸ
427 655 639 720 πέλαγος
671 657 720 706 ἐν
753 657 921 724 πλοίῳ,
946 655 1028 706 τὸν
1062 657 1146 719 μὲν
1182 656 1279 707 υἱὸν
1313 656 1613 724 ἀπέσφαξαν,
1639 658 1788 709 ἐκεῖ-5

245 758 325 786 νον
358 737 397 786 δ’
427 737 645 787 ἐπιδόντα
683 736 764 788 τὸν
799 737 897 789 υἱὸν
937 740 1363 807 ἀποσφαττόμενον
1399 739 1757 790 κατεπόντισαν.

243 822 338 868 τῶν
372 819 419 869 δὲ
454 823 659 888 Θρᾳκῶν
698 821 920 872 ἁπάντων
957 828 1178 888 χαλεπῶς
1215 823 1500 887 ἐνεγκόντων
1537 825 1611 873 ε’πὶ
1649 823 1756 873 τού-

242 924 352 963 τοις,
380 905 455 952 καῖ
480 904 858 971 συστραφέντων
884 911 966 955 τοῦ
997 929 1046 956 τε
1073 905 1344 971 Βηρισάδου
1376 908 1451 956 καὶ
1486 912 1568 956 τοῦ
1600 907 1757 969 Ἀμα-

243 983 394 1046 δόκου,
435 986 545 1036 ἰδὼν
582 985 665 1037 τὸν
703 986 864 1053 καιρὸν
901 995 1067 1039 τοῦτον
1103 990 1445 1055 Ἀθηνόδωρος,
1483 991 1813 1056 συμμαχίανΙο

148 1085 227 1127 203
241 1069 558 1132 ποιησάμενος
601 1068 745 1136 1πρὸς
789 1072 980 1125 τούτους
1023 1071 1162 1125 ῐῘιοἶός
1201 1078 1274 1123 “τ’
1314 1073 1372 1137 ἦν
1415 1079 1652 1135 πολεμεῖν.
1712 1075 1761 1124 ἐν

241 1149 382 1219 φόβῳ
433 1152 481 1202 δέ
532 1153 853 1207 καταστάντος
910 1161 992 1205 τοῦ
1047 1156 1423 1221 Κερσοβλέπτου
1473 1155 1647 1223 γράφει
1697 1158 1758 1207 Οὸ

239 1234 564 1301 Ἀθηνόδωρος
602 1235 854 1301 συνθήκας,
894 1246 912 1274 Ρ
929 1240 1029 1288 καθ’
1067 1236 1122 1292 ἃς
1161 1238 1407 1304 ἀναγκάζει
1444 1239 1526 1289 τὸν
1565 1243 1752 1304 Κερσο-

238 1318 453 1382 βλέπτην
503 1320 677 1382 ὀμόσαι
737 1321 855 1386 πρός
907 1344 957 1371 τε
1008 1330 1024 1357 ‘¹
1043 1323 1158 1384 ὑμᾶς
1210 1324 1285 1372 καὶ
1336 1322 1473 1375 Γτοὺς
1521 1323 1755 1383 βασιλέας

239 1399 352 1451 εῖναι
387 1401 472 1464 μὲν
507 1402 591 1466 τὴν
623 1403 774 1470 ἀρχὴν
806 1404 962 1468 κοινὴν
997 1408 1079 1468 τῆς
1113 1405 1305 1472 Θρᾴκης
1341 1409 1403 1458 εἰς
1435 1410 1554 1470 τρεῖς
1591 1407 1750 1472 διῃρη-
1771 1429 1806 1460 15

145 1502 227 1540 204
238 1485 394 1548 με’νην,
432 1485 614 1540 πάντας
653 1488 690 1536 δ’
729 1489 835 1549 ὑμῖν
873 1490 1127 1538 ἀποδοῦναι
1169 1488 1254 1551 τὴν
1295 1489 1470 1554 χώραν.
1532 1490 1594 1542 ὡς
1632 1491 1673 1538 δ’
1709 1490 1757 1538 ἐν

239 1569 556 1633 ἀρχαιρεσίαις
617 1571 742 1632 ὑμεῖς
793 1571 1015 1636 Χαβρίαν
1063 1573 1137 1622 ἐπὶ
1193 1572 1274 1622 τὸν
1330 1571 1541 1634 πόλεμον
1592 1577 1757 1622 τοῦτον

238 1653 577 1715 κατεστήσατε,
614 1656 689 1703 καὶ
729 1658 795 1721 τῷ
837 1653 922 1716 μὲν
957 1654 1271 1723 Ἀθηνοδώρῳ
1309 1655 1488 1718 συνέβη
1528 1658 1758 1722 διαφεῖναι

237 1734 323 1796 τὴν
359 1734 552 1797 δύναμιν
589 1735 807 1802 χρήματα
844 1738 925 1786 οὐκ
962 1736 1115 1803 ἔχοντι
1149 1739 1256 1803 παρ’
1289 1739 1416 1800 ὑμῶν
1451 1739 1543 1788 οὐδ’
1573 1740 1750 1805 Ξάφορ-

226 1816 329 1891 ,μὴν
379 1822 446 1886 τῷ
494 1820 703 1888 πολέμῳ,
747 1820 842 1888 ῐτῶ
894 1821 1089 1888 Χαβρίᾳ
1139 1821 1187 1870 δὲ
1237 1822 1349 1883 μίαν
1399 1828 1419 1846 “
1437 1827 1550 1871 ναῦν
1601 1821 1754 1888 ἔχοντι
1770 1843 1809 1864 20

234 1900 383 1964 μόνην
417 1904 618 1964 ἐκπλεῖν,
651 1905 699 1953 τί
732 1904 914 1954 Χπάλιν
950 1909 1075 1955 ποιεῖ
1111 1904 1244 1957 οὗτος
1283 1906 1307 1954 ὁ
1346 1906 1652 1970 Χαρίδημος;
1701 1904 1755 1958 ἃς

234 1984 318 2046 μὲν
351 1984 509 2048 ὤμοσε
543 1987 663 2053 πρὸς
698 1987 781 2037 τὸν
812 1987 1143 2054 Ἀθηνόδωρον
1176 1987 1428 2050 συνθήκας,
1457 1988 1649 2055 ἔξαρνος
1675 1989 1749 2054 γί-

234 2091 392 2132 γνεται
425 2072 500 2119 καὶ
533 2070 615 2120 τὸν
645 2070 1024 2135 Κερσοβλέπτην
1055 2073 1297 2136 ἀρνεῖσθαι
1328 2072 1486 2131 πείθει,
1513 2072 1686 2137 γράφει
1712 2073 1750 2122 δ’

233 2152 390 2217 ἑτέρας
430 2152 548 2218 πρὸς
589 2161 606 2188 5
623 2154 706 2203 τὸν
747 2156 969 2219 Χαβρίαν
1010 2154 1075 2204 ε”τι
1119 2158 1212 2203 τῶν
1253 2152 1370 2219 πρὸς
1416 2153 1751 2221 Κηφισόδοτον
1766 2179 1803 2210 25

233 2233 506 2299 δεινοτέρας·
557 2236 638 2284 οὐκ
677 2235 797 2301 ἔχων
835 2237 875 2284 δ’
909 2237 1088 2295 ἐκεῖνος,
1127 2232 1266 2296 οἶμαι,
1303 2234 1498 2298 δύναμιν
1534 2236 1751 2301 στέργειν

139 2337 218 2378 205
233 2315 515 2382 ἠναγκάζετο
561 2317 755 2369 τούτοις.
823 2317 1108 2370 ἀκούσαντες
1155 2319 1192 2366 δ’
1237 2319 1362 2380 ὑμεῖς
1409 2319 1552 2380 ταῦτ’,
1592 2320 1640 2368 ἐν
1687 2324 1754 2388 τῷ

232 2397 364 2467 δήμῳ
391 2399 551 2464 λόγων
581 2400 814 2466 ῥηθέντων
848 2404 1048 2450 πολλῶν
1084 2403 1157 2450 καὶ
1195 2405 1290 2450 τῶν
1326 2405 1575 2463 συνθηκῶν
1608 2404 1747 2452 Ζἀνα-

285 2573 305 2600 h
328 2575 580 2622 ἀποκτιννύναι]
610 2577 861 2611 ἀποκτειννύνιιι
885 2579 926 2611 Α.
963 2576 1195 2611 ἀποκτεινύναι
1225 2578 1291 2611 hoc
1321 2578 1397 2611 loco
1423 2578 1459 2612 S.
1486 2579 1544 2623 qui
1572 2579 1653 2613 alibi
1679 2592 1750 2613 non

230 2641 308 2662 raro
329 2629 458 2674 duplici
480 2644 507 2663 ν.
584 2627 592 2653 i
613 2630 720 2675 ἀχθῇ]
745 2630 872 2675 ἀνηχθῇ
894 2631 1034 2665 A.k.1·.S.
1120 2627 1139 2654 k
1160 2631 1212 2664 καὶ
1232 2631 1333 2664 αὐτὸν
1353 2631 1405 2663 καὶ
1426 2632 1485 2663 τὸν
1504 2631 1593 2677 υἱὸν]
1620 2633 1672 2665 καὶ
1691 2634 1751 2666 τὸν

230 2683 302 2714 υἱὸν
322 2683 374 2715 καὶ
394 2682 497 2715 αὐτὸν
517 2683 662 2717 A.k.r.s.
777 2680 784 2706 ¹
805 2685 889 2728 πρὸς
908 2683 1050 2718 τούτους
1069 2695 1137 2716 om.
1159 2696 1210 2729 pr.
1235 2684 1269 2717 S.
1313 2684 1381 2717 Sed
1401 2684 1535 2717 addidit
1554 2685 1687 2726 eadem,
1710 2691 1750 2719 ut

230 2735 378 2775 videtur,
401 2747 536 2775 luanus,
559 2748 758 2781 quanquam
779 2737 846 2769 alio
867 2742 1063 2770 atramento
1083 2736 1263 2781 scriptum.
1298 2735 1432 2771 τούτοις
1452 2737 1490 2770 F.
1606 2743 1635 2761 Π]
1657 2735 1744 2784 οἶός]

230 2784 279 2821 οἷς
300 2788 334 2820 k.
420 2793 437 2811 ¹¹
459 2786 488 2820 τ’
509 2800 577 2821 om.
600 2789 836 2822 A.Y.O.k.r.s.
931 2799 949 2815 υ
969 2791 987 2822 ὁ
1007 2802 1077 2822 om.
1099 2791 1241 2823 A.k.1·.s.
1333 2797 1350 2824 Ι)
1371 2789 1442 2822 καθ’
1463 2789 1518 2835 ἂς]
1544 2791 1577 2823 ἐν
1596 2788 1648 2825 αἷς
1667 2791 1746 2825 A.k.

229 2851 290 2873 r.s.
311 2846 347 2873 et
366 2855 421 2885 γρ.
444 2841 482 2874 F.
518 2840 589 2874 καθ’
609 2840 647 2875 ἃς
667 2853 737 2875 om.
762 2854 812 2886 pr.
837 2842 871 2875 S.
999 2850 1018 2877 (ι
1042 2842 1141 2887 ὑμᾶς]
1167 2842 1250 2884 ἡμᾶς
1273 2842 1488 2876 F.s.Y.O.v.
1612 2848 1626 2866 ¹·
1645 2843 1742 2890 τοὺς]

229 2893 315 2936 πρὸς
335 2893 413 2928 τοὺς
434 2893 669 2927 A.Y.O.k.r.s.
792 2901 806 2918 ⁵
826 2894 1000 2940 ἀφορμὴν]
1025 2894 1185 2939 ἀφορμὴν
1204 2893 1362 2937 οὐδεμίαν
1384 2895 1457 2928 ΡΝ.
1578 2894 1591 2919 t
1610 2898 1657 2942 τῷ
1675 2908 1745 2930 om.

230 2944 371 2978 A.k.r.s.
455 2951 476 2970 ¹¹
496 2948 575 2979 ναῦν
594 2958 664 2980 om.
686 2946 730 2981 O.
818 2952 834 2971 Χ
856 2949 958 2981 πάλιν
977 2947 1082 2992 ποιεῖ]
1106 2949 1195 2981 ποιεῖ
1212 2949 1315 2980 πάλιν
1334 2948 1474 2981 A.k.1·.s.
1559 2953 1576 2980 y
1596 2949 1656 2981 τὸν
1675 2960 1744 2983 om.

230 2997 373 3031 A.k.r.s.
432 3005 447 3023 Z
464 2998 767 3046 ἀναγνωσθεισῶν]
787 3001 1102 3045 παραγνωσθεισῶν
1119 3000 1194 3034 O.S.
1216 3000 1570 3045 παραναγνωσθεισῶν
1585 3000 1745 3035 A.Y.k.r.
