1954 3273
54 213 208 265 —788‚
228 231 279 254 11.
577 220 719 257 ΚΑΤΑ
752 219 1223 258 ΑΡΙΣΤΟΓΕΙΤΟΝΟΣ
1257 221 1302 257 Α.
1609 220 1691 258 8253

176 325 231 376 τὸ
266 328 585 394 δεσμωτήριον
616 329 835 396 διορύξας
868 328 1059 393 ἀπέδρα,
1086 329 1190 379 τότε
1225 328 1343 393 πρὸς
1376 329 1571 392 γυναῖκά
1604 332 1686 379 τιν’

176 408 358 475 ε”ρχεται
386 412 577 471 Ζωβίαν
608 410 767 474 ὄνομα,
794 409 823 478 ᾗ
855 411 1121 477 ἐτύγχανεν,
1149 413 1210 464 ὡς
1247 411 1376 473 ἔοικε,
1411 412 1688 477 κεχρημένος
1706 434 1738 463 ¹5

1518 496 1688 561 ἡμέρας

220 576 230 590 )
267 575 280 590 x
373 577 382 592 5
443 578 453 594 Ι
574 576 591 594 Δ
678 580 687 594 5
726 575 738 593 Ι
955 581 968 596 X
1027 579 1037 593 )
1080 578 1092 593 Ῐ
1338 581 1347 592 ⁹
1402 578 1424 592 ’Ὺ
1673 581 1687 597 Χ

176 598 317 626 αυτον
360 599 520 641 εκεινη,
566 601 620 631 ας
665 578 851 643 εζητουν
895 600 970 627 και
1014 600 1264 643 εκηρυττον
1309 600 1350 627 οι
1397 579 1569 640 ενδεκα,
1614 601 1688 628 και

173 492 304 543 ποτέ·
367 496 441 544 καὶ
492 494 681 560 κρύπτει
731 497 806 545 καὶ
858 494 1072 561 διασώζει
1122 494 1203 548 τὰς
1252 495 1441 559 πρώτας
1487 502 1501 520 S

176 657 293 718 μετὰ
331 665 477 710 ταῦτα
515 663 664 711 δοῦσα
703 659 946 727 1ἱδραχμόις
985 659 1105 711 ὀκτὼ
1149 660 1336 728 ἐφόδιον
1381 662 1456 710 καὶ
1500 662 1682 727 χιτωνί-

109 749 162 789 68
176 762 296 790 σκον
339 744 414 791 καὶ
459 742 639 805 ἱμάτιον
684 742 947 811 ἐξέπεμψεν
996 746 1057 796 εἷς
1104 743 1321 809 Μέγαρα.
1388 743 1561 806 ταύτην
1603 742 1688 806 τὴν

176 823 437 889 ἄνθρωπον,
473 824 558 888 τὴν
590 831 800 876 “τοιαῦτ’
834 826 1211 891 εὐεργετήσασαν
1249 824 1401 887 αὑτὸν,
1440 829 1500 878 ὡς
1536 824 1687 878 πολὺς
1703 849 1741 870 20

173 907 282 971 παρ’
312 908 449 969 Χὺμῖν
483 908 609 958 ε”πνει
643 910 718 958 καὶ
750 908 1013 973 Υλαμπρὸς,
1047 909 1352 975 μεμφομένην
1385 931 1427 958 τι
1465 912 1539 958 καὶ
1575 909 1682 958 τού-

173 1011 268 1038 των
313 989 767 1054 ὑπομιμνήσκουσαν
811 993 887 1042 καὶ
933 991 1162 1059 ἀξιοῦσαν
1203 993 1252 1041 εὖ
1298 995 1461 1042 παθεῖν
1507 991 1559 1041 τὸ
1604 990 1689 1053 μὲν

173 1076 360 1137 πρῶτον
409 1074 617 1139 ῥαπίσας
675 1076 749 1124 καὶ
807 1073 1072 1137 ἀπειλήσας
1129 1075 1405 1142 ἀπέπεμψεν
1460 1073 1553 1124 ἀπὸ
1606 1077 1688 1136 τῆς

173 1156 330 1217 οἰκίας,
372 1158 433 1209 ὡς
478 1158 514 1206 δ’
555 1158 637 1207 οὐκ
679 1156 905 1207 Ζέπαύετο
950 1157 978 1220 ἡ
1022 1156 1281 1222 ἄνθρωπος,
1326 1156 1456 1207 ἀλλὰ
1498 1157 1688 1221 γυναίου
1704 1177 1738 1207 25

172 1242 355 1303 πρᾶγμ’
382 1240 524 1290 ἐποίει
558 1242 633 1289 καὶ
668 1239 786 1305 πρὸς
822 1239 927 1293 τοῦς
961 1241 1220 1305 γνωρίμους
1256 1246 1527 1306 προσιοῦσα
1561 1241 1682 1289 ἢένε-

176 1321 321 1384 κάλει,
358 1322 524 1382 λαβὼν
559 1322 696 1377 αὐτὸς
734 1324 996 1391 αὐτοχειρία
1032 1322 1149 1388 πρὸς
1186 1321 1238 1373 τὸ
1273 1322 1573 1387 πωλητήριον
1607 1327 1688 1372 τοῦ

173 1406 406 1467 μετοικίου
435 1406 663 1472 ἀπήγαγε·
704 1409 779 1456 καὶ
814 1411 850 1456 εἷ
885 1406 949 1470 μὴ
983 1408 1189 1469 κείμενον
1221 1407 1337 1473 αὐτῇ
1372 1405 1425 1456 τὸ
1461 1406 1690 1468 μετοίκιον

1082 1488 1102 1508 ἲ
1537 1487 1556 1514 b

175 1487 349 1554 ἔτυχεν,
385 1488 604 1553 ἐπέπρατ’
642 1487 700 1538 ἂν
738 1487 812 1538 διὰ
849 1494 1028 1549 τοῦτον,
1068 1512 1105 1557 ῳ
1143 1492 1226 1551 τῆς
1263 1489 1498 1554 σωτηρίας
1574 1488 1688 1551 αὐτὴ

176 1577 192 1597 c
243 1574 252 1587 ³
293 1572 303 1588 ν
381 1573 391 1587 ›
491 1571 502 1586 ι
707 1573 721 1591 x
832 1578 851 1587 Α
883 1574 893 1588 ’
950 1575 961 1589 e
1049 1574 1059 1589 ³
1168 1576 1186 1586 n
1276 1572 1288 1588 ν
1453 1571 1465 1585 ⁷
1577 1570 1596 1597 d

108 1579 162 1632 69
208 1593 331 1621 αιτια
369 1594 583 1636 εγεγονει.
648 1595 721 1622 και
765 1577 883 1623 ταυθ
933 1597 995 1626 ως
1034 1577 1188 1636 αληθη
1229 1579 1367 1637 λεγω,
1407 1581 1538 1622 καλει
1610 1581 1784 1634 μοι788

174 1653 258 1704 τὸν
283 1654 368 1718 τὴν
393 1653 579 1722 θταφὴν
604 1660 686 1705 τοῦ
719 1654 897 1721 πατρὸς
931 1657 1012 1706 οὐκ
1049 1654 1360 1723 ἀπειληφότα,
1387 1657 1462 1704 καὶ
1495 1654 1577 1705 τὸν
1607 1657 1690 1717 τῆς

176 1738 304 1801 δίκης
331 1736 579 1801 διαιτητὴν,
607 1736 664 1801 ἢν
695 1737 807 1804 ὑπὲρ
841 1741 923 1801 τῆς
958 1736 1177 1804 πράσεως
1212 1741 1293 1801 τῆς
1324 1740 1532 1805 ἀδελφῆς
1567 1737 1684 1787 ε”λα-

175 1843 259 1887 χεν
292 1819 442 1890 faba-(53
481 1823 656 1883 οὑτοσὶ,
692 1823 766 1871 καὶ
800 1821 853 1872 τὸ
889 1822 1106 1886 ἔγκλημα
1141 1821 1266 1888 φέρε.
1321 1820 1453 1870 κάλει
1490 1821 1546 1870 δέ
1577 1828 1598 1855 g
1612 1844 1688 1883 μοι

176 1902 197 1929 ¹¹
210 1908 398 1969 πρῶτον
435 1902 625 1954 πάντων
663 1903 744 1954 τὸν
783 1907 864 1966 τῆς
903 1905 1090 1965 Ζωβίας
1127 1904 1415 1970 προστάτην,
1447 1907 1529 1967 τῆς
1568 1906 1719 1957 ὑπο-5

177 1985 432 2053 δεξαμένης
467 1983 622 2047 αὐτὸν,
656 1988 730 2035 καὶ
767 1985 873 2038 τοῦς
908 1984 1146 2049 πωλητάς,
1175 1985 1293 2051 πρὸς
1325 1985 1403 2039 οῦς
1429 1985 1690 2050 ἰἀπήγαγεν

177 2068 338 2132 αὐτήν.
402 2070 526 2131 ὑμεῖς
564 2069 602 2118 δ’
638 2069 938 2132 ἠγανακτεῖτε
977 2068 1159 2132 ἀρτίως,
1198 2072 1234 2117 εἰ
1275 2072 1369 2117 τῶν
1407 2066 1488 2117 τὸν
1527 2067 1691 2132 ἔρανον

179 2150 419 2219 φερόντων
463 2155 523 2204 εἷς
569 2150 654 2214 τὴν
698 2151 937 2216 σωτηρίαν
982 2151 1107 2218 αὐτῷ
1151 2149 1445 2215 1(κατηγορεῖ.
1509 2147 1688 2214 μιαρὸν,

297 2234 310 2250 x
404 2233 415 2261 1
446 2233 465 2255 ς

178 2257 359 2301 μιαρον,
430 2257 467 2284 ω
515 2233 678 2300 ἄνδρες
726 2235 980 2298 Ἀθηναῖοι,
1025 2232 1080 2283 τὸ
1132 2234 1304 2299 θηρίον,
1351 2235 1424 2283 καὶ
1475 2232 1685 2295 ἄμικτον.
1708 2259 1743 2279 10

112 2338 166 2380 70
180 2318 289 2384 λέγε
315 2317 398 2371 τὰς
422 2318 690 2384 μαρτυρίας.

236 2490 250 2510 S
271 2485 394 2529 ἡμέρας
414 2484 532 2530 αὐτὸν]
556 2485 658 2518 αὐτὸν
677 2484 799 2529 ἡμέρας
819 2485 893 2518 F.v.
1005 2486 1017 2510 t
1040 2483 1193 2529 δραχμὰς
1212 2482 1316 2528 ὀκτὼ]
1341 2482 1432 2516 ὀκτὼ
1447 2483 1598 2527 δραχμὰς
1618 2482 1690 2515 F.v.

180 2543 203 2562 u
221 2537 362 2582 τοιαῦτ’]
385 2538 427 2571 τὰ
447 2539 585 2571 τοιαῦτα
605 2538 683 2571 F.k.
797 2543 815 2561 Χ
836 2537 929 2582 ὑμῖν]
954 2536 1032 2580 ἡμῖν
1053 2536 1185 2570 S.Y.O.
1293 2542 1311 2569 y
1330 2536 1487 2580 λαμπρὸς
1508 2535 1542 2568 S.
1578 2535 1690 2579 Lege-

181 2591 284 2624 batur
303 2591 459 2634 λαμπρὸς
478 2589 527 2632 ἧν.
654 2595 673 2614 Ζ
693 2588 852 2635 ἐπαύετο]
880 2588 1052 2622 ἐπαύσατο
1074 2588 1119 2622 Ο.
1249 2594 1268 2613 ³
1287 2587 1450 2631 ἐνεκάλει]
1474 2587 1625 2619 ἀνεκάλει
1646 2586 1690 2619 Ο.

180 2639 202 2667 b
221 2642 321 2688 αὐτὴ]
345 2641 427 2685 αὕτη
447 2642 613 2676 A.O.k.v.
751 2647 767 2666 0
786 2643 875 2675 αἷτία
894 2654 963 2675 0111.
984 2654 1035 2687 pr.
1059 2642 1133 2675 Sk.
1170 2641 1226 2674 Sic
1245 2639 1352 2674 α’ίτιον
1372 2645 1451 2673 ante
1471 2637 1692 2684 γεγενημένον

182 2708 251 2730 om.
273 2707 325 2741 pr.
349 2695 385 2729 S.
406 2707 440 2740 p
459 2705 548 2741 397,
566 2706 599 2729 2.
621 2699 656 2728 et
675 2694 784 2727 αἰτίαν
803 2700 884 2728 ante
902 2695 1137 2737 αἰτιασάμενος
1159 2694 1225 2728 S.l·.
1247 2706 1281 2738 p.
1295 2701 1386 2739 952,
1411 2702 1460 2725 12.
1575 2687 1593 2714 d
1613 2690 1687 2735 μοι]

182 2763 240 2792 μοι
258 2751 393 2793 πρῶτον
411 2748 472 2791 μὲν
490 2749 570 2781 A.k.
657 2752 672 2771 Ε
692 2747 821 2792 ταφὴν]
846 2747 982 2792 γραφὴν
1002 2747 1074 2780 F.v.
1095 2752 1130 2780 et
1149 2758 1200 2791 pr.
1217 2748 1258 2780 A.
1345 2741 1360 2768 f
1377 2744 1481 2790 αὐτῷ]
1504 2744 1521 2775 ὁ
1541 2744 1693 2787 χρηστὸς

182 2801 334 2845 ἀδελφὸς
354 2801 487 2834 addunt
505 2801 586 2834 A.k.
604 2805 638 2833 et
657 2814 709 2845 γρ.
728 2800 763 2832 S.
847 2805 867 2832 g
885 2813 942 2843 μοι
962 2811 1030 2832 om.
1048 2800 1121 2832 F.v.
1196 2796 1215 2822 h
1235 2800 1368 2843 πρῶτον
1387 2794 1537 2839 πάντων]
1560 2796 1694 2828 πάντων

183 2857 318 2899 πρῶτον
339 2854 413 2887 F.v.
502 2850 512 2877 Ῑ
531 2851 719 2897 ἀπήγαγεν]
744 2851 962 2896 προσήγαγεν
982 2852 1056 2886 F.v.
1148 2848 1169 2875 k
1190 2848 1382 2895 κατηγορεῖ]
1407 2849 1582 2893 κατηγόρει
1601 2847 1692 2881 Ῡ.Ο.

183 2903 194 2931 Ῑ
215 2903 240 2939 03
258 2906 377 2951 ἅνδρες
391 2905 572 2947 Ἀθηναῖοι,
589 2905 626 2938 τὸ
643 2904 773 2949 θηρίον]
793 2905 832 2937 τὸ
848 2903 963 2949 θηρίον
977 2901 1004 2937 (3
1022 2904 1139 2948 ἄνδρες
1154 2904 1302 2947 ἀθηναῖοι
1319 2902 1358 2935 F.
1389 2902 1427 2934 τὸ
1445 2899 1560 2945 θηρίον
1578 2899 1695 2944 ἄνδρες

182 2959 333 3002 ἀθηναῖοι
352 2971 383 2992 ν.
415 2959 454 2991 τὸ
475 2958 590 3003 θηρίον
610 2957 726 3002 ἅνδρες
745 2957 895 2999 ἅθηναῖοι
915 2959 1015 2990 τοῦτο
1036 2957 1117 2990 A.k.

242 3033 333 3058 VOL.
360 3033 409 3058 11.
905 3030 932 3055 Y
954 3031 980 3069 y
