1954 3273
247 173 332 216 660
793 180 1220 218 ΔΗΜΟΣΘΕΝΟΎΣ
1312 178 1395 217 οη.
1418 177 1611 217 xxm.
1636 178 1675 231 p.
1694 178 1789 230 629,
1808 192 1884 221 ⁷—

246 291 410 352 δημον.
453 288 539 352 τὴν
576 289 660 353 μὲν
699 289 755 354 δὴ
794 291 1120 355 προσηγορίαν
1164 295 1246 340 τοῦ
1283 288 1462 343 πάθους
1497 289 1581 354 τὴν
1617 288 1761 352 αὐτὴν

245 372 515 436 ἐποιήσατο,
542 373 600 423 ἄν
638 396 706 426 τις
739 364 986 440 ἀποκτείνῃ
1021 373 1229 442 γράψας,
1256 374 1401 438 ἥνπερ
1440 375 1464 423 ὁ
1502 371 1584 423 τὸν
1619 371 1760 435 νόμον

245 457 399 509 τιθείς·
462 455 580 518 μετὰ
625 462 772 506 ταῦτα
823 456 871 506 δὲ
923 456 1071 507 οὐκέτι
1122 456 1281 518 ταύτὰ,
1327 459 1442 506 ἀλλ’
1489 455 1668 507 ἀνελὼν
1708 456 1762 506 τὸ

247 540 379 603 δίκην
418 540 601 606 ὑπέχειν
639 538 880 604 ἀγώγιμον
918 538 1051 592 εὐθὺς
1086 541 1292 604 ἐποίησε,
1332 544 1407 590 καὶ
1448 540 1668 606 παραβὰς
1705 539 1815 590 τὸῐο

247 623 554 689 διωρισμένον
579 624 629 673 ἐκ
663 628 745 672 τοῦ
772 622 916 685 νόμου
943 622 1244 689 δικαστήριον
1271 624 1459 690 ἄκριτον
1493 629 1588 676 τοῖς
1626 625 1756 674 ἐπαι-

582 707 872 773 Ι’παρέδωκεν
905 707 930 758 ὅ
962 730 1006 758 τι
1040 706 1098 758 ἂν
1124 708 1393 768 βούλωνται
1431 711 1653 774 χρῆσθαι,
1679 707 1762 758 τὸν

245 708 544 771 τιασαμένοις

181 793 344 855 3ῐούδ’
373 796 409 841 εὶ
435 791 663 855 πεποίηκέ
694 815 769 842 πω
811 789 1028 858 φανερόν.
1070 793 1144 841 καὶ
1172 797 1410 851 λαβοῦσιν
1435 792 1619 844 ἐκείνοις
1658 791 1756 859 ἐξέ-

246 899 359 925 σται
397 880 679 941 στρεβλοῦν,
708 875 1000 931 αἰκίσασθαι,
1039 873 1260 940 χρήματα
1301 874 1610 942 ἱπράξασθαι.
1655 875 1755 925 καί·
1777 892 1812 923 15

245 983 317 1010 τοι
355 958 544 1010 1(πάντα
578 965 726 1009 ταῦτα
764 959 1010 1024 ἀπείρηκεν
1045 957 1259 1023 ἄντικρυς
1297 960 1372 1008 καὶ
1409 962 1580 1026 σαφῶς
1619 959 1644 1007 ὁ
1683 957 1763 1008 κά-

245 1048 393 1094 τωθεν
429 1042 569 1105 νόμος
607 1041 723 1105 μηδὲ
760 1039 868 1095 τοὺς
908 1040 1175 1095 ἑαλωκότας
1209 1044 1283 1092 καὶ
1318 1041 1639 1107 1δεδογμένους
1675 1044 1759 1092 ἀν-

246 1125 505 1195 δροφόνους
543 1126 711 1195 ἐξεῖναι
746 1130 906 1176 ποιεῖν.
946 1125 1056 1190 λέγε
1092 1126 1175 1175 ΙῚΓιδ’
1204 1127 1358 1179 αὐτοῖς
1390 1124 1531 1176 αὐτὸν
1564 1124 1646 1176 τὸν
1682 1125 1759 1176 νό-

246 1234 335 1274 μον
361 1210 443 1261 τὸν
468 1209 585 1272 μετὰ
611 1216 774 1260 ταῦτα.

180 1309 234 1349 32
894 1298 1115 1338 ΝΟΜΟΣ.

358 1382 460 1423 Τοὺς
491 1382 557 1421 “δ”
590 1382 856 1432 ἀνδροφόνους
888 1382 1031 1431 ἐξεῖναι
1061 1381 1307 1421 ἀποκτείνειν
1340 1382 1383 1421 ἐν
1415 1384 1459 1432 τῇ
1490 1382 1666 1437 ἡμεδαπῇ
1701 1382 1761 1421 καὶ
1777 1399 1817 1420 20

303 1449 483 1501 ἀπάγειν,
523 1450 573 1491 ὡς
614 1450 656 1488 ἐν
692 1451 742 1503 τῷ
784 1449 893 1498 ἄξονι
929 1449 1156 1500 Οάγορεύει,
1195 1449 1456 1498 λυμαίνεσθαι
1491 1451 1532 1489 δὲ
1567 1449 1632 1499 μὴ,
1669 1451 1764 1499 μηδὲ

304 1519 484 1565 ἀποινᾶν,
507 1515 529 1567 ἢ
559 1524 575 1547 Ρ
592 1519 755 1556 διπλοῦν
777 1517 959 1568 ὀφείλειν
979 1525 997 1552 <l
1017 1517 1115 1555 ὅσον
1137 1515 1186 1556 ἂν
1208 1515 1465 1571 καταβλάψῃ.
1502 1517 1702 1568 εἰσφέρειν
1724 1518 1766 1556 δὲ

304 1585 393 1626 τοὺς
428 1585 634 1637 ἄρχοντας,
668 1582 721 1623 ὧν
755 1584 912 1623 ἕκαστοι
949 1584 1131 1623 δικασταί
1158 1585 1247 1628 εἰσι,
1286 1586 1336 1638 τῷ
1370 1583 1617 1639 βουλομένῳ.
1668 1584 1766 1635 Γτὴν

304 1652 335 1692 δ’
357 1653 516 1703 ἡλιαίαν
538 1652 846 1704 διαγιγνώσκειν.
1777 1661 1815 1693 25

179 1743 232 1785 33
323 1732 594 1782 Ἠκούσατε
644 1730 729 1796 μὲν
779 1736 862 1781 τοῦ
912 1729 1068 1793 νόμου,
1121 1730 1376 1798 σκέψασθε
1420 1730 1480 1792 δὲ,
1523 1729 1560 1781 ὦ
1602 1731 1765 1797 ἄνδρες

245 1818 500 1881 Ἀθηναῖοι,
529 1818 604 1866 καὶ
643 1815 913 1880 θεωρήσατε
949 1818 1011 1868 ὡς
1050 1819 1206 1868 καλῶς
1246 1817 1321 1865 καὶ
1352 1814 1527 1883 σφόδρ’
1556 1816 1764 1876 εὐσεβῶς

246 1902 406 1967 ε”θηκεν
434 1903 458 1951 ὁ
485 1903 623 1954 τιθεὶς
649 1899 731 1951 τὸν
758 1898 917 1963 νόμον.
961 1897 1067 1952 τοὺς
1089 1897 1406 1967 ἀνδροφόνους
1428 1900 1594 1966 φησίν.
1636 1903 1764 1964 πρῶ-

246 2009 329 2037 τον
365 1984 471 2048 8μὲν
505 1984 561 2049 δὴ
587 1989 752 2035 τοῦτον
779 1981 1072 2050 ἀνδροφόνον
1108 1982 1250 2047 λέγει,
1277 1982 1359 2033 τὸν
1393 1981 1636 2033 ἑαλωκότα
1675 1982 1763 2046 ἤδη

247 2075 306 2137 τῇ
330 2070 500 2139 ψήφῳ.
544 2070 597 2120 οὐ
622 2067 715 2135 γάρ
746 2069 842 2118 ἐστ’
871 2069 1016 2120 οὐδεὶς
1053 2064 1142 2118 ὑπὸ
1169 2066 1314 2134 ταύτῃ
1353 2071 1410 2134 τῇ
1448 2067 1762 2135 προσηγορίᾳ,
1779 2072 1862 2126 630

178 2155 357 2220 34πρὶν
395 2152 451 2204 ἂν
490 2153 783 2221 ἐξελεγχθεὶς
817 2152 935 2219 ἁλῷ.
977 2156 1069 2200 ποῦ
1107 2156 1246 2201 τοῦτο
1285 2152 1454 2213 δηλοῖς
1497 2149 1571 2200 ῖὲν
1609 2171 1658 2199 τε
1698 2153 1765 2218 τῷ

245 2236 456 2304 προτέρῳ
496 2233 623 2304 νόμῳ
666 2236 767 2283 ι’καὶ
810 2233 976 2301 τούτῳ.
1019 2235 1067 2283 ἐν
1111 2232 1195 2295 μὲν
1235 2231 1328 2298 γὰρ
1372 2233 1526 2301 ἐκείνῳ
1568 2231 1765 2301 γράψας

246 2319 326 2370 ἐάν
351 2342 419 2372 τις
453 2318 717 2385 ἀποκτείνῃ,
745 2317 829 2381 τὴν
854 2316 1037 2380 βουλὴν
1070 2315 1267 2382 δικάζειν
1293 2315 1436 2375 εἶπεν,
1465 2319 1512 2368 ἐν
1539 2316 1587 2368 δὲ
1613 2317 1792 2386 τούτωὸ

247 2402 329 2454 τὸν
355 2401 648 2470 ἀνδροφόνον
685 2399 971 2467 προσειπὼν,
1001 2398 1031 2450 ἃ
1063 2401 1152 2467 χρὴ
1193 2399 1415 2467 πάσχειν,
1448 2401 1639 2467 εἴρηκεν·
1683 2401 1764 2451 Χοῦ

247 2488 331 2551 μὲν
355 2487 448 2553 γὰρ
483 2486 537 2551 ἦν
565 2487 687 2537 αἰτία
719 2485 772 2537 τὸ
804 2490 1015 2552 πρᾶγμα,
1043 2483 1127 2548 τὴν
1167 2485 1322 2550 κρίσιν
1357 2485 1547 2551 εἴρηκεν,
1575 2485 1628 2536 οῦ
1672 2486 1708 2535 δ’
1739 2487 1764 2536 ὁ

303 2621 322 2648 h
343 2623 534 2669 παρέδωκεν
553 2622 572 2656 ὅ
590 2621 638 2667 τι]
663 2622 784 2655 δέδωκε
804 2623 843 2655 τὸ
865 2621 916 2655 ὅτι
935 2623 971 2656 k.
1042 2619 1051 2646 i
1071 2621 1284 2667 πράξασθαι]
1309 2621 1500 2666 πράξεσθαι
1521 2633 1547 2654 S.
1621 2617 1639 2645 k
1656 2622 1765 2654 πάντα

249 2690 319 2712 om.
341 2678 375 2711 k.
399 2682 478 2722 post
497 2679 601 2710 ταῦτα
621 2682 758 2721 ponunt
779 2676 962 2709 A.F.r.s.v.
1066 2673 1075 2700 l
1096 2675 1337 2721 δεδογμένους]
1364 2675 1596 2720 δεδειγμένους
1617 2674 1709 2708 Y.O.
1730 2680 1765 2708 et

250 2737 426 2765 correctus
445 2742 478 2764 v,
591 2735 618 2753 ¹¹¹
642 2728 690 2776 δ’]
717 2729 756 2772 δὴ
777 2730 918 2763 A.k.1·.s.
1031 2735 1049 2753 n
1070 2728 1099 2762 δ’
1118 2741 1188 2762 om.
1212 2729 1354 2762 A.k.r.s.
1450 2734 1468 2752 ⁰
1488 2726 1658 2774 ἀγορεύει]
1678 2727 1763 2761 ἀπα-

999 2792 1017 2815 η

251 2826 383 2872 γορεύει
405 2828 431 2860 Α
448 2839 507 2860 ικε.
665 2829 681 2852 ¹⁸
702 2825 862 2871 διπλοῦν]
886 2826 1030 2859 διπλοῦν
1052 2825 1090 2859 F.
1247 2830 1265 2857 ‘i
1287 2824 1389 2870 ὅσον]
1416 2823 1502 2858 ὅσου
1523 2824 1566 2858 Ο.
1597 2822 1631 2858 ὃς
1654 2836 1705 2869 pr.
1728 2824 1764 2858 k.

254 2886 268 2904 Γ
287 2881 347 2923 τὴν
367 2879 395 2913 δ’
416 2878 549 2923 ἡλιαίαν
569 2879 842 2924 διαγιγνώσκειν]
868 2879 928 2922 τὴν
949 2879 1080 2922 ἡλιαίαν
1099 2877 1127 2911 δ’
1148 2877 1390 2923 ἀναγινώσκειν
1410 2878 1498 2912 Υ.().
1612 2885 1625 2902 ²⁴
1645 2877 1705 2921 μὲν
1725 2877 1764 2920 δὴ

252 2934 391 2979 τοῦτον]
417 2935 539 2967 τοῦτον
558 2934 618 2976 μὲν
638 2933 747 2966 A.k.s.
777 2934 898 2965 τοῦτον
919 2944 945 2965 r.
1075 2931 1090 2956 t
1115 2932 1150 2964 ἕν
1169 2930 1223 2977 τε]
1248 2931 1282 2964 ἐν
1302 2932 1337 2965 δὲ
1358 2943 1415 2964 [8.
1547 2936 1563 2954 ¹¹
1585 2931 1636 2963 καὶ
1657 2928 1766 2976 τούτῳ

251 2987 531 3022 A.S.Y.O.k.r.s.
563 2986 613 3020 καὶ
634 2986 668 3019 ἐν
689 2985 796 3032 τούτῳ
818 2985 935 3029 vulgo,
1050 2991 1067 3008 Χ
1089 2983 1127 3018 οἶν
1147 2984 1391 3030 μὲν-εἴρηκεν
1411 2997 1480 3017 om.
1505 2997 1554 3029 pr.
1579 2984 1658 3018 Y.k.
