1954 3273
113 196 271 247 —808,
291 215 342 239 14.
625 201 767 239 ΚΑΤΑ
800 202 1275 241 ΑΡΙΣΤΟΓΕΙΤΟΝΟΣ
1308 204 1351 240 Β.
1669 202 1752 241 845

240 309 543 381 1(ἐψηφίσθαι
582 319 793 381 χαλκοῦν
843 314 892 363 ἐν
943 315 1095 381 ἀγορᾷ
1134 317 1329 377 στῆσαι,
1371 315 1524 364 αὐτῶν
1574 313 1622 364 δὲ
1661 318 1755 364 τῶν

240 396 420 461 ινόμων
464 398 811 464 ὀλιγωροῦντας
852 397 1118 464 φαίνεσθαι,
1158 398 1211 448 δι’
1254 397 1331 450 οὓς
1365 399 1573 448 κάκεῖνον
1609 399 1751 463 ὑπερ-

175 485 226 525 28
240 481 522 543 βαλλόντως
560 481 837 545 συμβεβηκε
871 485 1114 543 τιμᾶσθαι.
1175 485 1275 535 πῶς
1311 482 1349 532 δ’
1387 483 1469 532 οὐκ
1508 480 1565 531 ἂν
1602 481 1669 545 ε’ίη
1700 482 1754 532 τὸ
1768 504 1808 525 20

240 570 508 630 συμβαῖνον
545 566 738 631 ἄλογον,
777 569 815 615 εἰ
859 569 1214 628 νομοθετοῦντες
1256 565 1340 627 μὲν
1380 566 1622 632 ὀργίζεσθε
1661 571 1756 619 τοῖς

240 653 474 715 πονηροῖς,
491 649 559 699 ἐπ’
576 648 837 720 αὐτοφώρω
855 647 909 697 δέ
919 671 1048 701 τινας
1063 648 1309 716 εἰληφότες
1326 648 1506 717 ἀθῴους
1526 655 1555 674 ¹¹¹
1565 647 1726 698 ἐάσετε
1743 670 1753 708 ;

242 734 318 782 καὶ
344 732 426 782 τὸν
451 731 536 796 μὲν
562 733 817 797 νομοθέτην
844 733 923 783 ἕνα
949 731 1063 783 ὄντα
1087 737 1236 783 πᾶσιν
1263 733 1375 799 ὑπὲρ
1403 734 1530 796 ὑμῶν
1550 733 1753 800 ἀπεχθά-

244 821 408 867 νεσθαι
434 821 529 870 τοῖς
556 816 771 885 φαύλοις,
799 818 916 880 ὑμᾶς
943 816 990 867 δὲ
1016 820 1124 880 μηδ’
1153 816 1267 883 ὑπὲρ
1296 819 1423 880 ὑμῶν
1449 818 1601 867 αὐτῶν
1627 820 1807 884 κοινῇ25

243 900 594 966 ιισυλλεγέντας
619 900 939 968 ἐπιδείξασθαι
964 907 1221 964 μισοῦντας
1247 901 1353 955 τοὺς
1379 899 1622 967 πονηροὺς,
1644 903 1753 951 ἀλλ’

244 985 322 1051 ὑφ’
369 983 469 1037 ἑνὸς
510 983 677 1051 ἀνδρὸς
717 985 943 1050 πονηρίας
982 985 1268 1048 ἡττηθῆναις
1313 987 1388 1035 καὶ
1429 984 1631 1035 θάνατον
1672 984 1758 1048 μὲν

243 1069 452 1135 ὡρικέναι
479 1068 595 1132 οτὴν
621 1069 799 1135 ζημίαν,
827 1068 906 1119 ἐάν
932 1092 1000 1123 τις
1027 1070 1110 1120 οὐκ
1136 1068 1249 1119 ὅντα
1276 1067 1419 1131 νόμον
1437 1067 1756 1136 παράσχηται,

242 1151 349 1206 τοῦς
375 1152 423 1203 δὲ
450 1153 586 1207 Ρτοὺς
612 1153 748 1206 ὄντας
776 1152 944 1216 νόμους
971 1157 1033 1207 εἰς
1059 1153 1145 1217 τὴν
1171 1177 1265 1204 των
1291 1154 1481 1220 (Ῑῶσπερ
1504 1155 1585 1204 οὐκ
1611 1153 1756 1204 ὄντων
1773 1167 1853 1207 808

243 1237 398 1301 νόμων
423 1237 559 1306 τάξιν
586 1238 802 1304 ἄγοντας,
828 1237 1020 1292 τούτους
1045 1238 1364 1304 ἀτιμωρήτους
1389 1243 1610 1304 περιορᾶν
1634 1260 1646 1300 3

178 1342 229 1384 29
319 1323 461 1373 Οὕτω
496 1323 533 1373 δ’
563 1320 620 1372 ἂν
651 1321 971 1387 ἀκριβέστατα
996 1321 1398 1388 Ι’συνθεωρήσαιτε
1436 1320 1490 1372 τὸ
1531 1327 1624 1375 τοῖς
1663 1344 1754 1372 κει-

242 1407 396 1471 μένοις
435 1406 592 1468 νόμοις
630 1408 877 1458 πείθεσθαι
914 1407 1079 1470 ἡλίκον
1114 1404 1294 1470 ἀγαθόν
1318 1407 1435 1469 ἐστι,
1463 1407 1538 1456 καὶ
1568 1404 1621 1456 τὸ
1648 1412 1752 1456 ςκα-

241 1494 493 1559 ταφρονεῖν
520 1492 594 1540 καὶ
621 1490 635 1516 t
644 1488 708 1553 μὴ
739 1493 1007 1556 πειθαρχεῖν
1039 1489 1193 1542 αὐτοῖς
1228 1489 1391 1551 ἡλίκον
1417 1486 1572 1549 κακὸν,
1600 1491 1638 1538 εὶ
1671 1487 1787 1538 11τα’5

243 1596 291 1624 τε
327 1575 376 1624 ἐκ
409 1577 503 1623 τῶν
530 1571 685 1635 νόμων
710 1572 867 1637 ἀγαθὰ
892 1573 1035 1639 χωρὶς
1070 1574 1144 1622 καὶ
1169 1570 1228 1621 τὰ
1254 1571 1329 1620 διὰ
1354 1574 1436 1633 τῆς
1466 1571 1758 1637 παρανομίας

242 1657 569 1721 συμβαίνοντα
618 1655 711 1722 πρὸ
753 1657 1054 1724 Χόφθαλμῶν
1100 1656 1205 1717 ὑμῖν
1254 1656 1407 1708 αὐτοῖς
1450 1653 1759 1718 ποιησάμενοι

243 1739 571 1807 Υθεωρήσαιτε.
634 1739 853 1805 εὑρήσετε
891 1738 982 1806 γὰρ
1021 1738 1106 1803 τὴν
1144 1738 1229 1801 μὲν
1265 1738 1324 1789 τὰ
1359 1741 1442 1801 τῆς
1474 1738 1641 1801 μανίας
1684 1740 1759 1788 καὶ

242 1824 497 1891 Ζἀκρασίας
536 1826 611 1874 καὶ
644 1823 959 1891 ἃπλεονεξίας,
986 1821 1097 1874 ὶ’τὸν
1134 1822 1182 1874 δὲ
1210 1821 1292 1873 0τά
1318 1820 1426 1886 ᾶτῆς
1458 1821 1758 1891 Εφρονήσεως
1778 1849 1815 1869 10

245 1913 340 1959 sxa}
366 1908 688 1975 σωφροσύνης
728 1909 803 1958 καὶ
839 1906 1134 1970 δικαιοσύνης
1173 1906 1289 1972 ἔργα
1314 1903 1755 1971 ἕδιαπραττόμενον.

178 2013 232 2054 30
246 1995 392 2057 δῆλον
437 1993 503 2043 δέ·
545 1996 639 2042 τῶν
680 1990 773 2056 γὰρ
817 1989 1004 2041 πόλεων
1049 1989 1220 2043 ταύτας
1266 1988 1448 2055 ᾕᾶριστ’
1493 1988 1761 2053 οἰκουμένας

244 2076 439 2141 ἰἴδοιμεν
474 2074 542 2138 ἂν,
570 2078 617 2126 ἐν
649 2074 720 2128 αἷς
754 2074 941 2141 ἄριστοι
981 2075 1226 2138 νομοθέται
1260 2072 1533 2139 γεγόνασιν·
1592 2072 1652 2124 τὰ
1676 2072 1761 2136 μὲν

889 2157 907 2184 k

243 2161 336 2228 γὰρ
387 2162 435 2211 ἐν
482 2165 578 2213 τοῖς
621 2159 846 2223 σώμασιν
920 2158 1273 2225 ἀρρωστήματα
1316 2162 1412 2211 τοῖς
1453 2162 1547 2208 τῶν
1591 2161 1762 2223 ἰατρῶν

299 2315 316 2339 k
347 2316 544 2362 ἐψηφίσθαι
568 2316 644 2351 B.v.
684 2315 800 2361 ἐψηφί
871 2316 952 2350 σθαι
982 2315 1020 2349 F.
1062 2314 1291 2360 ἐψηφίσασθε
1313 2314 1349 2348 S.
1391 2313 1622 2359 ψηφίσασθαι
1641 2313 1758 2358 vulgo.

246 2369 255 2395 l
276 2371 385 2415 νόμων
407 2371 441 2404 S.
472 2370 673 2415 Legebatur
692 2368 802 2413 νόμων
822 2366 938 2404 οὕτως.
1075 2373 1106 2392 m
1125 2367 1260 2412 ἐάσετε]
1285 2367 1407 2401 ἐάσατε
1427 2368 1470 2401 Α.
1595 2372 1609 2388 ¹¹
1630 2368 1758 2400 συλλε-

245 2423 381 2469 γέντας]
407 2425 641 2468 συλλέγοντας
661 2422 695 2456 S.
807 2427 825 2446 0
845 2422 905 2466 τὴν
925 2434 994 2455 om.
1016 2422 1130 2456 F.k.v.
1253 2426 1272 2454 P
1290 2421 1369 2456 τοὺς
1384 2419 1482 2455 ὄντας
1502 2419 1639 2465 νόμους]
1663 2418 1761 2454 ὄντας

248 2476 461 2511 F.S.Y.O.v.
564 2482 584 2508 q
603 2474 720 2520 ὥσπερ
740 2475 857 2509 addidi
876 2487 919 2509 ex
941 2475 1024 2510 S.Y.
1046 2480 1081 2508 et
1095 2487 1164 2509 rec.
1187 2475 1222 2507 k.
1325 2480 1340 2498 Γ
1359 2473 1650 2519 συνθεωρήσαιτε]
1676 2487 1758 2506 συν-

247 2529 437 2575 θεωρὴσετε
456 2529 630 2563 A.F.S.Y.
652 2534 686 2562 et
702 2540 754 2573 ΡΥ.
772 2540 804 2562 V.
963 2533 977 2552 5
1007 2526 1248 2572 καταφρονεῖν]
1278 2527 1322 2571 μὴ
1343 2528 1567 2572 καταφρονεῖν
1587 2527 1630 2560 Y.
1653 2532 1699 2566 et,
1722 2531 1761 2559 ut

247 2583 394 2624 videtur,
415 2595 468 2628 pr.
492 2582 527 2616 S.
547 2582 584 2615 in
605 2593 674 2627 quo
694 2582 772 2614 (luae
792 2586 872 2615 ante
892 2582 1116 2626 καταφρονεῖν
1135 2581 1245 2614 literae
1265 2581 1400 2614 deletae.
1543 2579 1556 2604 t
1571 2579 1632 2624 μὴ]
1657 2580 1697 2612 τό
1715 2578 1760 2622 μὴ

246 2636 376 2671 A.S.Y.
526 2642 545 2661 U
566 2635 607 2668 τά
627 2649 663 2668 τε
683 2634 734 2679 ἐκ]
759 2634 820 2667 τάκ
841 2634 968 2668 Y.O.v.
1118 2639 1131 2654 ’⁴‘
1154 2633 1361 2679 ὀφθαλμῶν]
1385 2636 1451 2666 τῶν
1471 2632 1660 2677 ὀφθαλμῶν
1679 2632 1761 2666 A.k.

246 2695 264 2723 y
293 2688 516 2735 θεωρήσαιτε]
554 2687 744 2733 θεωρήσετε
774 2687 986 2722 F.S.Y.O.v.
1028 2686 1221 2732 θεωρήσατε
1249 2687 1290 2721 Α.
1447 2691 1460 2706 ⁷
1491 2685 1654 2730 ἀκρασίας
1683 2685 1758 2718 ΡΝ.

247 2743 446 2788 Legebatur
473 2743 532 2785 τῆς
561 2741 734 2786 ἀκρασίας.
918 2745 937 2765 a
969 2740 1166 2784 πλεονεξίας
1198 2740 1279 2774 S.Y.
1337 2739 1537 2784 Legebatur
1566 2739 1625 2781 τῆς
1655 2740 1758 2771 πλεο-

246 2796 366 2840 νεξίας.
505 2793 520 2815 ¹³
541 2795 600 2827 τὸν
619 2794 656 2827 δὲ
676 2793 848 2829 F.Y.O.v.
867 2800 901 2828 et
920 2806 971 2839 pr.
995 2794 1031 2828 S.
1081 2793 1282 2839 Legebatur
1306 2793 1383 2827 τοὺς
1405 2792 1451 2825 δέ.
1589 2796 1605 2815 0
1633 2791 1674 2824 τὰ
1689 2803 1760 2825 om.

246 2861 298 2894 pr.
319 2849 361 2882 Y.
490 2844 509 2871 d
528 2848 587 2890 τῆς
606 2859 675 2880 om.
696 2859 727 2880 v.
861 2852 876 2871 e
897 2846 1114 2892 φρονήσεως]
1137 2845 1337 2891 φρονήσεώς
1358 2860 1394 2878 τε
1417 2844 1547 2879 S.Y.O.
1676 2841 1691 2867 f
1708 2844 1760 2877 καὶ

247 2899 478 2946 σωφροσύνης
498 2912 567 2934 om.
588 2901 625 2935 k.
737 2905 757 2932 g
777 2900 1065 2945 διαπραττόμενον
1085 2899 1298 2934 F.S.Y.O.V.
1340 2899 1539 2943 Legebatur
1559 2897 1760 2941 διαπραττο-

247 2954 378 2998 μένους,
400 2954 494 2999 quod
515 2966 534 2987 a
553 2965 659 2987 mauu
679 2953 823 2998 antiqua
843 2965 1013 2998 superscr.
1035 2953 1071 2986 in
1093 2952 1127 2986 S.
1205 2968 1208 2970 ·
1284 2949 1303 2976 h
1332 2950 1463 2997 ἄριστ’]
1489 2949 1601 2996 ἄριστ’
1623 2947 1661 2982 ἂν
1682 2949 1758 2983 O.v.

247 3005 256 3031 i
276 3006 405 3050 ’ἴδοιμεν
423 3004 463 3040 ἂν
481 3012 561 3040 ante
582 3006 706 3051 ἄριστα
726 3006 804 3039 A.k.
878 3003 896 3030 k
914 3005 1163 3051 ἀρρωστήματα
1181 3007 1251 3040 τοῖς
1271 3007 1337 3038 τῶν
1357 3004 1391 3037 in
1413 3003 1569 3048 margine
1589 3003 1688 3048 ponit
1704 3002 1747 3036 Y.
