1954 3273
69 173 224 216 —513‚
243 176 297 205 27.
741 165 883 202 ΚΑΤΑ
917 164 1168 203 ΜΕΙΔΙΟὙ.
1632 165 1717 207 539

193 276 389 321 κρινομένου
414 277 664 322 τυμβωρυχίας.
703 276 846 310 ἐνταῦθα
871 277 938 322 γὰρ
964 277 1152 321 πέπρακται
1181 278 1242 321 μὲν
1265 278 1306 312 τὸ
1329 276 1460 323 ὀρύξαι,
1482 278 1593 312 λείπει
1616 279 1652 312 δέ
1675 279 1714 312 τὸ
1728 289 1744 318 5

192 341 304 385 τάφον
326 339 457 384 ὀρύξαι.
495 343 590 386 λέγει
614 343 680 386 γὰρ
703 341 722 373 6
749 339 888 385 φεύγων
910 346 931 358 “
948 339 1059 385 ὤρυξα
1085 341 1157 384 μὲν,
1180 341 1220 374 οὐ
1245 342 1357 385 τάφον
1383 341 1430 375 δέ’
1460 342 1500 375 οὐ
1525 342 1591 387 γὰρ
1617 340 1716 387 εὗρον

194 409 217 421 δέ
950 409 958 421 6

241 403 391 449 νεκρόν.”
425 405 442 437 6
462 405 498 439 δὲ
519 405 648 438 διώκων
666 404 854 449 ἀντιφέρει,
876 403 928 437 ὅτι
965 409 972 421 ‘
987 404 1027 437 τὸ
1046 403 1099 438 Ῑ’δ’
1116 403 1233 449 ὀρύξαι
1254 405 1456 449 κενοτάφιον
1476 405 1715 450 τυμβωρυχίαν

196 474 218 486 “
241 471 344 503 καλῶ·
374 469 414 502 οὐ
442 470 508 515 γὰρ
537 469 638 504 αὐτὸς
665 468 756 512 ᾕδεις
785 468 836 502 ὅτι
866 469 1066 512 κενοτάφιόν
1095 469 1202 509 ἐστιν,
1231 468 1309 502 ἀλλ’
1337 469 1380 504 ὡς
1407 470 1520 513 τάφον
1548 469 1712 514 ὀρύττων,
1732 480 1767 500 ¹0

196 538 218 550 “
241 533 314 567 ἐπεὶ
343 533 544 578 κενοτάφιον
573 531 720 578 εὕρηται,
750 532 856 576 ἀξιοῖς
887 533 932 575 μὴ
961 532 1075 565 δοῦναι
1105 531 1233 575 δίκην.”
1271 531 1360 566 οὕτω
1389 533 1556 568 κάνταῦθα
1583 534 1713 579 πέπρα-

194 611 268 631 κται
296 598 358 640 μὲν
382 598 422 630 τὸ
447 595 556 642 τύψαι
586 597 646 630 τὸν
672 596 905 640 Δημοσθένην,
926 596 1036 630 λείπει
1060 597 1095 630 δέ
1121 597 1159 630 τὸ
1184 598 1326 631 καλέσαι
1352 598 1412 631 τὸν
1436 598 1714 643 αὐτοχειροτόνη-

1071 665 1079 678 (

193 675 253 694 τον
281 663 440 707 χορηγόν.
483 662 500 694 6
526 661 592 707 γὰρ
618 660 839 704 Δημοσθένης
867 661 960 705 λέγει
989 659 1042 693 ὅτι
1086 666 1094 677 ¹
1111 661 1261 706 χορηγὸν
1286 660 1454 706 ἕτυψας,”
1476 662 1493 694 ὁ
1517 662 1553 695 δέ
1578 662 1717 699 Μειδίας

193 724 246 758 ὅτι
274 726 462 770 “χορηγὸν
488 725 575 758 δούκ
599 725 714 769 ἕτυψα
741 725 1079 769 (αὐτοχειροτόνητος
1104 725 1169 771 γὰρ
1196 723 1314 770 ἦσθα),
1335 725 1414 759 ἀλλ’
1436 726 1582 769 ἰδιώτην·
1613 727 1715 760 τοῦτο
1732 737 1767 766 15

840 787 858 799 5,

193 794 218 808 “
240 789 275 823 δέ
303 790 363 823 οὐκ
388 790 464 823 ἔστι
489 789 654 832 δημόσιον
681 788 835 832 ἀδίκημα.
897 789 1040 824 διπλοῦς
1059 789 1096 823 δέ
1117 790 1134 822 6
1158 788 1236 835 ὅρος
1259 788 1369 826 ε’ίδους
1393 793 1454 825 τοῦ
1480 792 1563 825 κατὰ
1583 790 1715 834 σύλλη-

190 854 266 899 ψιν.
307 854 389 887 κατὰ
409 852 592 899 σύλληψιν
613 853 651 887 δέ
668 853 777 893 ἐστιν,
800 852 881 887 ὅταν
906 855 924 886 ὁ
952 853 1079 887 διώκων
1105 854 1166 898 τὴν
1192 855 1296 888 αὑτοῦ
1323 854 1552 902 δικαιολογίαν
1577 857 1629 890 καὶ
1654 857 1715 900 τὴν

189 920 251 951 τοῦ
280 917 469 964 φεύγοντος
495 918 542 954 εἷς
570 917 605 952 ἓν
631 916 800 963 ἴσυνάγῃ·
831 917 912 951 ἔνθα
935 919 1002 964 γὰρ
1027 918 1066 952 οὐ
1090 919 1129 952 τὸ
1157 919 1219 963 μὲν
1247 919 1410 960 ἐκβάλλει
1438 935 1500 961 τις,
1527 922 1566 954 τὸ
1592 921 1628 955 δέ
1657 921 1710 955 δέ·
1725 934 1767 954 ‘zo

189 996 298 1026 χεται,
337 980 415 1016 ἀλλ’
452 981 557 1027 ἅμφω
594 983 777 1028 συγκροτεῖ
813 983 865 1015 καὶ
905 983 1157 1026 συλλαμβάνει,
1194 982 1286 1018 τοῦθ’
1320 984 1495 1030 ὑπάγομεν
1533 986 1580 1032 τῷ
1618 983 1711 1020 ε’ίδει.

190 1045 348 1091 φαίνεται
373 1045 432 1081 οὖν
455 1047 473 1080 6
496 1046 608 1092 ῥήτωρ
633 1047 668 1080 ἐν
690 1047 836 1082 πολλοῖς
861 1048 962 1080 τοῦτο
991 1051 1097 1081 ποιῶν
1121 1049 1256 1093 μέρεσι,
1279 1051 1331 1083 καὶ
1358 1050 1504 1094 φάσκων
1529 1049 1596 1094 ἅμα
1623 1050 1713 1097 αὑτῷ

189 1111 243 1145 καὶ
271 1111 332 1154 τὴν
357 1113 459 1145 πόλιν
484 1110 694 1156 ὑβρίζεσθαι.
735 1110 906 1155 κεφάλαια
932 1110 969 1144 δέ
994 1111 1036 1145 τὰ
1061 1113 1101 1154 τῇ
1129 1112 1288 1146 11στάσει
1317 1112 1537 1159 προσήκοντά
1564 1114 1640 1148 ἐστι
1667 1115 1714 1161 τῷ

188 1177 296 1223 λόγῳ.
335 1176 377 1210 τὰ
397 1176 433 1210 δὲ
455 1175 616 1221 προοίμια
639 1175 863 1220 καταφορικὰ,
884 1180 904 1199 X
918 1175 1113 1220 ὑπερβολὴν
1137 1177 1261 1221 ἔχοντα
1287 1177 1422 1221 πολλὴν
1447 1177 1501 1211 καὶ
1526 1180 1593 1211 τῶν
1617 1192 1711 1223 περι·
1725 1193 1762 1225 ²5

189 1243 358 1275 στατικῶν
386 1242 542 1285 αὔξησιν·
574 1240 613 1273 τὸ
638 1241 705 1286 γὰρ
734 1244 755 1257 “
770 1246 789 1273 5
800 1241 885 1285 πρὸς
915 1239 1083 1276 “inauras''
1111 1241 1164 1275 καὶ
1193 1242 1233 1275 οὗ
1260 1242 1346 1286 πρὸς
1375 1242 1432 1285 ἐμὲ
1459 1243 1564 1286 μόνον
1592 1243 1644 1276 καὶ
1672 1244 1712 1277 τὸ

190 1311 213 1325 “
236 1305 316 1340 ἀεί”
350 1305 411 1349 τὴν
443 1306 588 1349 μελέτην
621 1306 680 1348 τῆς
711 1304 852 1340 ἀτοπίας
886 1306 938 1339 καὶ
976 1306 1015 1339 οὐ
1052 1307 1138 1352 πρὸς
1170 1305 1262 1351 ἅπαξ
1294 1307 1329 1341 ἐκ
1362 1306 1467 1351 τύχης
1500 1306 1713 1352 ἡμαρτηκότα

189 1369 350 1404 δείκνυσι.

243 1434 425 1479 Κεφάλαια
450 1433 487 1467 δέ
515 1435 577 1467 τοῦ
604 1434 713 1479 λόγου
741 1436 859 1473 ταῦτα,
891 1433 979 1480 ὅρος,
1006 1434 1225 1480 ἀνθορισμός,
1254 1436 1368 1481 γνώμη
1399 1435 1595 1479 νομοθέτου,
1624 1436 1710 1469 συλ-
1723 1443 1805 1485 513

187 1499 372 1544 λογισμὸς,
399 1498 595 1542 πηλικότης,
622 1500 706 1544 πρός
731 1512 776 1540 τι,
805 1499 865 1543 μία
892 1502 960 1533 τῶν
984 1498 1210 1540 ἀντιθετικῶν,
1237 1499 1310 1544 μεθ’
1331 1499 1370 1544 ἣν
1394 1500 1434 1534 τὸ
1459 1500 1711 1544 μεταληπτικὸν

186 1564 240 1597 καὶ
265 1562 514 1606 ἇντιληπτικόν.
555 1562 698 1596 ἐνταῦθα
725 1563 780 1597 διὰ
805 1563 986 1608 τεσσάρων
1012 1562 1099 1606 ὅρων
1124 1564 1142 1597 6
1164 1562 1276 1609 ῥήτωρ
1297 1564 1455 1608 ἐμπλέκει
1480 1565 1541 1608 τὴν
1563 1578 1705 1611 κατηγο·
1721 1576 1738 1608 5

186 1626 273 1673 ρίαν,
295 1625 452 1661 δεικνύων
472 1625 522 1660 ὅτι
543 1626 689 1671 δημοσίᾳ
711 1627 851 1662 Μειδίας
870 1625 1040 1671 ἠδίκησεν.
1078 1629 1154 1662 ἔστι
1174 1628 1211 1662 δέ
1231 1629 1249 1662 ὁ
1268 1632 1402 1674 πρῶτος
1425 1628 1502 1675 ὅρος
1523 1629 1632 1671 οὗτος,
1653 1629 1706 1664 ὅτι

187 1692 220 1725 οἶ
244 1692 280 1725 ἐν
304 1693 404 1734 ἑορτῇ
429 1691 620 1726 ἀδικοῦντες
644 1692 809 1736 δημόσιον
828 1692 970 1737 ἀδίκημα
995 1695 1146 1727 ποιοῦσι.
1187 1692 1343 1738 δεύτερος
1369 1692 1458 1739 ὅρος,
1479 1694 1532 1728 καὶ
1555 1694 1710 1738 μάλιστα

187 1758 219 1791 οἶ
243 1757 393 1802 χορηγὸν
418 1756 621 1791 ἀδικοῦντες.
660 1756 775 1802 τρίτος
800 1756 890 1802 ὅρος,
912 1756 965 1790 ὅτι
991 1758 1088 1791 πᾶσα
1116 1756 1213 1802 ὕβρις
1238 1758 1402 1802 δημόσιόν
1429 1758 1525 1792 ἐστιν
1549 1756 1706 1803 ἀδίκημα.

187 1822 449 1867 παραλογίζεται
475 1822 512 1855 δέ
538 1820 668 1855 ἐνταῦθ’
689 1822 724 1855 ἐκ
748 1822 808 1865 τῆς
832 1821 1024 1865 ὁμωνυμίας
1049 1823 1109 1865 τῆς
1138 1820 1278 1867 ὕβρεως·
1308 1822 1445 1868 λέγεται
1470 1822 1537 1868 γὰρ
1562 1820 1659 1867 ὕβρις
1687 1822 1762 1866 ἡιο

188 1883 231 1919 δι’
257 1882 532 1931 Ζαῖσχρουργῖας
563 1885 616 1918 καὶ
644 1884 663 1928 ἡ
693 1884 747 1918 διὰ
775 1885 887 1930 λόγων
916 1885 970 1918 καὶ
998 1884 1016 1928 ἡ
1043 1885 1098 1918 διὰ
1124 1887 1278 1931 πληγῶν,
1306 1886 1472 1929 δημόσιον
1500 1886 1537 1919 δέ
1565 1884 1708 1930 ἀδίκημα

187 1950 331 1996 ἡγοῦντο
351 1950 411 1993 τὴν
429 1949 687 1995 αἰσχρουργίαν·
717 1951 758 1992 τῇ
781 1947 840 1982 οὖν
859 1949 1031 1993 ὁμωνυμίᾳ
1049 1949 1318 1995 παρελογίσατο.
1356 1950 1518 1994 τέταρτος
1542 1948 1632 1995 ὅρος,
1653 1949 1706 1983 ὅτι

186 2016 206 2048 6
235 2015 364 2049 πάντας
393 2013 443 2047 ἀεὶ
476 2011 622 2057 ὑβρίζων
652 2013 801 2057 δημοσίᾳ
829 2012 944 2047 ἀδικεῖ·
979 2013 1009 2046 εἶ
1040 2013 1106 2059 γὰρ
1133 2014 1173 2047 τὸ
1202 2012 1368 2056 δημόσιον
1396 2013 1431 2047 ἐκ
1458 2014 1593 2047 πάντων
1622 2027 1704 2048 συν·
1723 2030 1760 2062 15

188 2076 337 2119 ίσταται,
360 2077 424 2123 ἄρα
443 2078 609 2121 δημόσιον
627 2077 803 2121 τάδίκημα.
844 2077 961 2120 τίθησι
984 2077 1021 2111 δὲ
1046 2081 1282 2122 σπερματικῶς
1308 2077 1344 2111 ἐν
1370 2080 1418 2124 τῷ
1442 2077 1609 2124 προοιμίῳ
1628 2078 1707 2113 τοὺς

186 2144 349 2189 τέτταρας
367 2142 478 2189 ὅρους.
516 2143 551 2176 ἐκ
576 2141 706 2176 τούτων
729 2142 817 2176 εἷσὶν
840 2142 875 2175 ἐν
900 2144 970 2177 τοῖς
993 2141 1104 2188 ἀγῶσι
1130 2143 1232 2187 τρεῖς,
1255 2143 1314 2175 τὸν
1334 2142 1371 2176 δέ
1390 2141 1552 2187 τέταρτον
1571 2141 1708 2186 τίθησιν

187 2207 222 2241 ἐν
248 2209 289 2251 τῇ
312 2207 535 2252 παρεκβάσει,
558 2206 700 2241 δικαίως·
730 2206 841 2252 λέγων
859 2206 926 2252 γὰρ
951 2205 1002 2240 ὅτι
1023 2207 1071 2240 a6
1097 2207 1224 2242 πάντας
1250 2205 1396 2252 ὑβρίζων
1419 2206 1567 2251 δημοσίᾳ
1587 2206 1704 2247 ἀδικεῖ,
1720 2222 1762 2244 20

185 2273 430 2317 παρεξέρχεται
449 2272 561 2316 λέγων
575 2271 635 2304 τὸν
649 2271 816 2316 πρότερον
831 2271 934 2304 αὐτοῦ
948 2270 1037 2311 βίον.
1063 2271 1135 2315 ἔχει
1151 2271 1187 2304 δέ
1208 2268 1252 2304 b6
1271 2272 1377 2316 λόγος
1392 2269 1490 2306 οὗτος
1505 2269 1566 2305 δύο
1585 2271 1703 2317 προοί-

185 2351 256 2380 μια.
295 2337 334 2369 τὸ
359 2338 495 2380 πρῶτον
519 2335 554 2369 ἐκ
580 2335 744 2378 διαβολῆς
770 2335 971 2379 εἰλημμένον
997 2337 1058 2368 τοῦ
1084 2335 1248 2375 ἐναντίου,
1275 2336 1328 2369 καὶ
1354 2336 1388 2369 ἐκ
1415 2336 1620 2370 συστάσεως
1645 2337 1705 2369 τοῦ

187 2397 311 2433 οἶκείου
336 2400 538 2445 προσώπου,
561 2399 613 2432 καὶ
640 2399 676 2432 ἐκ
702 2399 892 2443 προσοχῆς.
931 2400 1006 2432 ἔστι
1029 2399 1066 2432 δὲ
1092 2398 1111 2442 ἡ
1137 2401 1306 2444 πρότασις
1331 2399 1479 2444 διμερὴς,
1502 2400 1554 2432 καὶ
1579 2400 1618 2433 τὸ
1643 2400 1705 2443 μὲν
1718 2414 1756 2446 25

186 2468 322 2510 πρῶτον
346 2464 448 2509 μέρος
469 2463 710 2505 ἀκατάσκευον,
731 2463 770 2496 τὸ
791 2463 826 2496 δέ
847 2461 1006 2508 δεύτερον
1026 2464 1078 2497 καὶ
1101 2463 1183 2497 αὐτὸ
1207 2463 1349 2509 διμερές.
1389 2464 1442 2497 καὶ
1467 2465 1705 2506 κατασκευάζει

185 2527 315 2562 τούτων
333 2529 486 2573 ἑκάτερα.
522 2524 594 2561 εἶτα
614 2526 770 2572 ἐπιφέρει
788 2527 828 2560 τὸ
848 2528 1092 2573 συμπέρασμα,
1115 2529 1149 2562 ἐν
1167 2524 1193 2575 ᾧ
1211 2528 1306 2562 ἐστὶν
1324 2527 1343 2571 ἡ
1363 2526 1536 2574 προσοχή.

239 2704 255 2723 ¹·
274 2697 303 2732 δ’
319 2697 437 2744 ὀρύξαι
458 2699 666 2734 Schaeferus.
698 2700 898 2746 Legebatur
918 2699 1082 2745 διορύξαι.
1151 2705 1165 2724 ⁵
1187 2700 1247 2734 οὐκ
1268 2699 1421 2734 Bekkeri
1441 2700 1559 2734 edjtio.
1587 2699 1705 2735 ἁπλῶς

185 2752 245 2785 οὐκ
264 2752 382 2797 vulgo.
504 2750 519 2776 t
539 2753 688 2799 συνάγῃ]
713 2755 889 2799 συναγάγῃ
910 2758 972 2787 t.v.
1103 2760 1121 2779 U
1145 2754 1269 2787 στάσει
1289 2754 1399 2787 codex
1419 2753 1704 2787 Vindobonensis

185 2805 280 2850 apud
298 2805 499 2851 Taylorum.
538 2806 738 2851 Legebatur
757 2807 862 2851 τάξει.
951 2814 968 2832 x
989 2806 1201 2853 ὑπερβολὴν]
1223 2807 1412 2852 περιβολὴν
1430 2812 1492 2840 ts.
1578 2813 1597 2841 >¹
1618 2807 1704 2851 πρὸς

186 2858 346 2892 Jurinus.
377 2858 416 2891 οὐ
435 2858 521 2904 πρὸς
539 2859 657 2905 vulgo.
757 2865 775 2884 Ζ
795 2858 1058 2906 αἰσχρουργίας]
1083 2860 1331 2906 αἰσχρολογίας
1349 2865 1412 2894 t.v.
1502 2863 1521 2883 a
1540 2859 1558 2891 6
1577 2859 1704 2894 πάντας

185 2911 340 2946 Bekkeri
360 2911 479 2946 editio.
510 2912 637 2947 πάντας
655 2913 773 2958 vulgo.
897 2909 917 2938 b
937 2914 955 2946 6
975 2912 1080 2958 λόγος
1099 2913 1253 2948 Bekkeri
1272 2913 1391 2947 editio.
1426 2913 1443 2945 6
1463 2912 1580 2958 παρὼν
1598 2913 1704 2958 λόγος

183 2965 301 3010 vulgo.
1207 2976 1219 2985 ³
