1954 3273
140 2128 192 2178 96

219 168 303 212 678
761 178 1188 216 ΔΗΜΟΣΘΕΝΟΤΣ
1266 177 1348 217 On.
1368 177 1565 217 XXIII.
1587 191 1626 232 p.
1645 177 1743 228 646,
1761 192 1860 218 2³—

153 303 209 344 94
284 281 396 334 ’Έτι
430 287 584 337 τοίνυν
610 285 813 337 ’ἐστιν
786 310 894 351 εκτη
920 290 1116 353 τιμωρία
1140 312 1259 355 προς
1284 288 1494 343 ἁπάσαις
1526 288 1729 348 ταύταις,
1745 314 1783 347 ²5

219 365 277 430 ἢν
315 369 484 432 ὁμοίως
528 370 748 436 παραβὰς
791 372 1003 440 γέγραφε
1048 395 1102 423 το
1143 371 1382 441 ψήφισμα
1424 370 1733 424 k0157·00·1s.ei

217 450 373 502 πάντα
423 453 571 503 ταυτά
618 477 687 507 τις
738 453 978 519 ἠγνόηκεν,
1023 454 1051 519 ἦ
1102 454 1196 506 1καὶ
1249 454 1642 522 παρεληλύθασιν
1691 460 1734 507 οἱ

218 534 378 601 χρόνοι
404 538 451 586 ἐν
478 536 544 590 οἱς
571 538 658 588 ε’δει
685 538 862 589 τούτων
889 539 1067 589 ἑκαστα
1089 544 1250 601 ποιεῖν,
1279 538 1306 603 ἢ
1328 543 1385 590 δι’
1407 540 1534 589 ἄλλο
1560 562 1604 589 τι
1630 540 1733 607 οὐχὶ

217 618 442 677 βούλεται
475 621 665 674 τούτους
698 620 805 674 τοὺς
839 622 1041 687 τρόπους
1067 622 1305 690 ἐπεξιέναι,
1332 622 1414 672 τὸν
1440 622 1733 689 ἀνδροφόνον
1745 631 1826 683 647

217 702 254 751 δ’
296 702 384 770 ὁρᾷ
421 705 697 769 ωπεριιόντα
738 707 785 755 ἐν
821 709 917 758 τοῖς
956 709 1090 771 ἱεροῖς
1129 709 1204 756 καὶ
1245 705 1363 755 κατὰ
1405 704 1491 769 τὴν
1533 704 1729 771 ἀγορὰν,

216 785 415 850 ἀπάγειν
460 786 645 854 ἔξεστιν
688 791 751 841 εἰς
800 788 854 838 τὸ
902 788 1234 855 δεσμωτήριον,
1280 789 1391 839 Πούκ
1437 788 1591 838 οἴκαδε
1634 790 1730 840 οὐδ’

216 866 323 917 ὅποι
367 869 629 933 Οβούλεται,
668 868 832 936 ὥσπερ
874 868 938 920 σὺ
980 871 1196 924 δέδωκας.
1239 873 1458 922 κάνταῦθ’
1505 873 1730 938 ἀπαχθεὶς

216 952 308 1001 οὐδ’
339 953 504 1014 ὁτιοῦν,
540 956 677 1019 Ρπρὶν
712 952 769 1004 ἂν
800 959 950 1022 κριθῇ,
981 955 1205 1016 πείσεται,
1239 956 1352 1005 ἀλλ’
1381 953 1460 1005 ἐὰν
1493 954 1577 1017 μὲν
1612 956 1758 1024 ἁλῴ,5

215 1034 402 1105 θανάτῳ
442 1035 799 1101 ζημιωθήσεται,
839 1036 919 1087 ἐὰν
951 1037 1000 1088 δὲ
1038 1036 1103 1102 μὴ
1138 1036 1388 1105 μεταλάβῃ
1424 1037 1478 1088 τὸ
1514 1038 1730 1101 πέμπτον

213 1117 351 1184 μέρος
392 1124 486 1170 τῶν
524 1118 707 1187 ψήφων
751 1121 776 1170 ὁ
821 1119 1126 1186 (ῑάπαγαγῶν,
1169 1123 1326 1188 χιλίας
1368 1121 1724 1189 προσοφλήσει.

147 1216 200 1259 95
214 1203 326 1251 ἀλλ’
367 1204 453 1269 οὐχ
498 1204 656 1257 Γοῦτος
703 1203 885 1272 ε”γραψε
936 1210 1096 1266 ταῦτα,
1140 1204 1271 1254 ἀλλὰ
1313 1204 1396 1255 τὸν
1445 1205 1529 1266 μὲν
1574 1207 1728 1274 ἀθῷον

213 1286 534 1344 αἰτιάσασθαι,
569 1287 652 1337 τὸν
688 1287 736 1338 δὲ
770 1288 959 1353 ἄκριτον
996 1290 1286 1355 παραχρῆμα
1320 1289 1603 1340 ἐκδίδοσθαι.
1647 1289 1726 1340 ε’ἃν
1742 1317 1781 1339 10

211 1367 266 1416 δε
279 1390 348 1421 τις
368 1369 671 1435 ἀνθρωπων’
650 1394 677 1434 η
699 1372 774 1420 καὶ
793 1370 906 1434 Βὸλη
931 1369 1070 1423 πόλις
1096 1369 1341 1423 τοσούτοις
1369 1371 1578 1434 νομίμοις
1598 1373 1722 1421 ἀναι-

209 1473 447 1516 ρουμενοις
486 1475 616 1506 οσοις
655 1452 747 1518 ἐγω
773 1453 1097 1522 διεξελήλυθα,
1123 1456 1198 1504 καὶ
1222 1454 1467 1508 τοσούτοις
1493 1457 1723 1519 δικαστη·

208 1535 323 1599 ριόις
360 1536 723 1599 καταλυομένοις
765 1537 894 1591 ὅσοις
933 1537 1103 1604 εἴρηκα,
1143 1534 1173 1588 ἃ
1211 1540 1304 1589 θεοὶ
1339 1537 1607 1607 κατέδειξαν
1649 1541 1725 1589 καὶ

209 1617 328 1680 μετὰ
346 1625 494 1670 ταῦτα
516 1618 754 1686 ἄνθρωποι
772 1626 978 1688 χρῶνται
1004 1620 1159 1672 πάντα
1179 1620 1262 1672 τὸν
1282 1621 1466 1688 χρόνον,
1487 1622 1721 1690 βοηθήσῃ,
1739 1653 1774 1686 15

212 1704 287 1751 καὶ
327 1701 409 1753 τὸν
451 1703 752 1769 ὑβριζόμενον
792 1706 867 1755 καὶ
908 1704 1324 1770 παρανομούμενον
1363 1705 1611 1773 ἀφέληται,
1653 1706 1725 1757 ἕκ-

210 1789 422 1836 σπονδον
448 1787 462 1812 ¹⁵
479 1787 691 1854 ἔγραψεν
716 1786 845 1846 εἶναι,
868 1791 943 1839 καὶ
970 1788 1073 1838 οὐδὲ
1095 1787 1244 1857 τούτῳ
1270 1788 1419 1853 λόγον
1440 1787 1544 1839 οὐδὲ
1569 1790 1726 1855 κρίσιν

208 1870 501 1934 “πεποιήκεν,
528 1870 659 1921 ἀλλὰ
684 1873 759 1922 καὶ
786 1877 952 1922 τοῦτον
978 1870 1111 1924 εὐθὺς
1142 1870 1250 1921 ἄνευ
1285 1873 1482 1937 κρίσεως
1520 1871 1720 1938 κολάζει.

207 1957 308 2006 πῶς
335 1952 392 2004 ἂν
418 1953 446 2018 ἢ
475 1954 730 2022 δεινότερον
755 1955 934 2021 γένοιτο
961 1954 989 2020 ὴ
1015 1956 1408 2022 παρανομώτερον
1434 1956 1600 2007 τούτου
1626 1956 1724 2025 ψή-

208 2041 369 2104 φισμα
389 2060 402 2100 3

272 2119 402 2187 ςΑρά
420 2145 488 2176 τις
513 2123 622 2187 ἡμῖν
640 2124 733 2174 Χέτι
758 2123 924 2177 λοιπός
950 2126 1052 2175 ε’στι
1080 2123 1219 2187 νόμος
1239 2145 1251 2186 ;
1297 2124 1463 2192 δεῖξον.
1508 2125 1715 2178 Ῡοὺτοσί.
1732 2148 1774 2171 20

204 2205 315 2269 λε’γε
342 2211 547 2257 Ζτοῦτον.

852 2294 1074 2335 NOMOE.

318 2375 416 2416 Ἐάν
438 2393 492 2419 τις
519 2377 636 2430 βιαίῳ
665 2376 818 2431 θανάτῳ
847 2377 1037 2427 ἀποθάνῃ,
1062 2377 1158 2428 ὑπὲρ
1185 2377 1322 2417 τούτου
1344 2381 1424 2419 τοῖς
1453 2377 1720 2429 προσήκουσιν

261 2442 360 2484 εἶναι
382 2446 448 2486 τὰς
469 2445 749 2496 ἀνδροληψίας,
774 2445 845 2486 ἕως
867 2442 915 2484 ἂν
936 2443 958 2494 ἦ
981 2445 1087 2486 δίκας
1108 2447 1176 2484 τοῦ
1197 2445 1322 2496 φόνου
1338 2445 1568 2497 ὑπόσχωσιν
1587 2444 1610 2496 ἢ
1632 2446 1720 2488 τοὺς

259 2512 564 2552 ἀποκτείναντας
605 2513 758 2552 ἐκδῶσι.
811 2512 880 2562 τὴν
916 2514 957 2552 δὲ
991 2513 1264 2564 ἀνδροληψίαν
1298 2512 1398 2553 εἶναι
1431 2512 1547 2565 μέχρι
1587 2518 1716 2565 τριῶν,

259 2579 384 2619 πλέον
406 2581 446 2619 δὲ
466 2578 530 2629 μή.

255 2703 377 2741 Ῐέστῖν
398 2718 468 2741 om.
490 2718 521 2741 v.
634 2704 654 2731 k
675 2706 815 2753 οὑτοσί]
842 2707 981 2741 οὑτοσίν
1000 2721 1027 2743 r.
1123 2708 1128 2730 ¹
1150 2708 1202 2742 καὶ
1223 2720 1291 2742 om.
1314 2721 1373 2743 [Β.
1472 2714 1502 2733 m
1523 2708 1711 2755 περιιόντα]

197 2762 357 2806 περιόντα
378 2760 559 2795 F.S.Y.O.
671 2766 686 2782 ¹¹
706 2761 783 2807 οὐκ]
810 2762 862 2794 καὶ
881 2761 940 2795 οὐκ
961 2762 994 2795 k.
1100 2767 1118 2786 0
1137 2760 1319 2808 βούλεται]
1342 2760 1506 2804 βούλεταί
1525 2776 1575 2797 τις
1596 2762 1712 2796 F.k.V.

198 2819 217 2846 Ι)
236 2815 315 2858 πρὶν
335 2826 404 2847 om.
427 2813 467 2847 Y.
489 2820 524 2848 et
543 2826 594 2859 pr.
617 2814 660 2848 Ο.
759 2823 775 2849 ῑΙ
797 2814 999 2861 ἀπαγαγὼν]
1024 2815 1163 2860 ἀπάγων
1184 2815 1275 2849 Y.O.
1386 2821 1400 2840 Γ
1419 2814 1532 2860 οὗτος]
1557 2813 1662 2850 οὕτως
1680 2827 1712 2848 v.

198 2872 212 2891 S
233 2867 314 2913 ὅλη]
341 2869 403 2911 ὅλη
425 2867 442 2911 ἡ
464 2869 531 2901 k.v.
554 2873 589 2901 et
609 2873 784 2901 com-ectus
806 2868 848 2901 Ο.
962 2867 975 2892 t
994 2869 1147 2913 ἔγραψεν
1168 2880 1238 2903 οῐιι.
1260 2881 1311 2914 pr.
1334 2870 1368 2903 k.
1471 2874 1490 2893 ¹¹
1510 2867 1708 2914 πεποίηκεν]

195 2923 352 2954 πέπεικεν
372 2922 406 2954 k.
491 2926 509 2945 Χ
531 2922 581 2954 ἔτι
601 2923 722 2955 λοιπός
741 2921 834 2967 ἐστι]
859 2922 933 2954 ἐστι
954 2923 1074 2956 λοιπὸς
1093 2923 1142 2955 ἔτι
1163 2922 1235 2956 k.v.
1313 2928 1330 2955 Y
1362 2919 1502 2968 οὑτοσί]
1525 2921 1666 2955 οὑτοσίν
1684 2933 1713 2955 r.

196 2978 213 2997 Ζ
235 2976 355 3008 τοῦτον
376 2974 535 3008 A.S.Y.r.
565 2975 624 3007 τὸν
645 2975 747 3018 νόμον
767 2986 793 3007 s.
824 2975 957 3008 τουτονὶ
976 2975 1094 3020 vulgo.
