1954 3273
59 161 217 211 —648‚
236 177 289 207 27.
589 169 731 206 ΚΑΤΑ
765 168 993 206 ΑΡΙΣΤΟΚ
1003 169 1225 207 ΡΑΤΟΎΣ.
1621 167 1705 211 679

541 277 561 285 n

116 292 169 334 97
266 279 497 341 Πολλῶν,
525 284 561 328 ὠ
597 277 783 344 “ἄνδρες
811 283 1066 343 Ἀθηναῖοι,
1094 284 1251 333 καλῶς
1289 277 1493 346 ἐχόντων
1528 278 1708 343 1’νόμων

182 360 265 410 οὐκ
304 359 390 410 οἷδ’
436 362 479 411 εἴ
513 384 637 416 τινος
676 362 818 426 ἧττον
850 362 984 415 οὗτος
1019 363 1111 429 ε”χει
1153 367 1311 415 καλῶς
1353 365 1428 413 καὶ
1462 364 1646 416 δικαίως
1680 365 1705 413 ὁ

182 441 335 507 νόμος.
376 445 632 512 σκέψασθε
660 445 754 511 γὰρ
783 449 844 499 ὡς
885 447 1090 507 νομίμως
1130 450 1204 495 καὶ
1235 446 1430 512 σφόδρα
1460 448 1700 512 ἀνθρωπί-
1715 459 1797 510 648

182 549 271 579 νως
311 533 468 578 κεῖται.
511 528 591 579 ἐάν
629 552 698 581 τις
736 529 874 598 βιαίῳ
913 528 1099 597 θανάτῳ
1133 528 1359 597 ἀποθάνῃ,
1387 531 1527 597 φησί.
1568 534 1700 596 πρῶ-

180 631 262 659 τον
287 609 372 673 μὲν
398 610 454 675 δὴ
482 618 645 662 ετοῦτο
684 611 1014 679 προσγράψας
1053 611 1107 662 τὸ
1134 610 1298 681 ιὶβιαίῳ
1335 613 1589 676 σύμβολον
1614 636 1698 664 πε-

111 708 165 761 98
180 693 382 756 ποίηκεν,
411 692 448 762 ᾧ
473 695 802 759 γιγνώσκομεν
829 695 913 756 ὅτι,
941 693 999 745 ἀν
1026 696 1209 758 ἀδίκως,
1237 697 1400 762 θλε’γει.
1442 696 1557 762 ὑπὲρ
1586 697 1696 747 τού·
1713 711 1729 743 5

178 798 262 826 του
298 779 422 844 φησὶ
459 776 572 830 ἰτοῖς
608 779 940 843 προσήκουσιν
977 777 1091 830 εἶναι
1131 779 1215 833 τὰς
1250 782 1590 848 ἀνδροληψίας,
1618 781 1702 836 ἕως

178 857 237 910 ἂν
273 859 303 924 ἢ
336 860 466 914 δίκας
502 866 585 911 τοῦ
621 861 770 927 φόνου
807 861 1090 929 ὑπόσχωσιν
1125 860 1154 926 ὴ
1194 862 1302 917 τοὺς
1340 865 1702 919 ἀποκτείναντας

178 943 364 995 ἐκδῶσι.
418 949 678 996 σκοπεῖσθε
726 947 787 998 ὡς
829 950 1002 999 καλῶς.
1069 946 1298 1013 πρότερον
1342 946 1428 1012 μὲν
1474 950 1701 1015 ὑποσχεῖν

179 1026 308 1080 δίκας
353 1027 490 1095 ἀξιοῖ,
536 1027 656 1091 μετὰ
701 1034 849 1079 ταῦτα
889 1028 979 1090 8δὲ,
1027 1027 1085 1079 ἂν
1129 1035 1268 1080 τοῦτο
1310 1029 1376 1094 μὴ
1419 1032 1700 1094 βούλωνται,

176 1112 474 1180 προσέταξεν
501 1113 724 1163 ἐκδοῦναι·
765 1111 846 1162 ἐὰν
871 1111 951 1162 Ι’δὲ
983 1113 1237 1179 μηδέτερον
1270 1113 1448 1164 τούτων
1483 1115 1699 1178 ἐθέλωσι,
1716 1137 1754 1159 ¹0

177 1193 231 1245 τὸ
272 1195 600 1264 ἀνδρολήψιόν
636 1199 788 1265 φησιν
827 1194 940 1247 εἶναι
980 1197 1116 1263 μέχρι
1153 1201 1308 1263 τριῶν,
1346 1197 1494 1249 πλέον
1534 1198 1582 1249 δὲ
1620 1199 1698 1264 μή.

109 1299 162 1341 99
177 1277 308 1344 παρὰ
332 1279 488 1329 τοίνυν
514 1278 630 1329 ὅλον
663 1285 831 1329 τοῦτον
863 1277 946 1329 τὸν
982 1278 1125 1342 νόμον
1151 1279 1324 1344 εἴρηται
1359 1278 1414 1329 rb
1447 1280 1699 1348 ψήφισμα.

176 1366 366 1427 πρῶτον
401 1361 488 1426 μὲν
526 1361 634 1428 γὰρ,
677 1362 758 1413 ε’ἀν
795 1385 864 1416 τις
904 1363 1154 1430 ἀποκτείνῃ
1192 1363 1407 1430 γράφων,
1447 1364 1501 1413 οὐ
1539 1386 1695 1429 προσ-

174 1445 387 1512 ἔγραψεν
424 1447 594 1499 ἀδίκως
634 1445 738 1496 οὐδὲ
776 1447 944 1506 βιαίως
983 1447 1076 1496 οὐδ’
1116 1446 1241 1499 ὅλως
1277 1446 1424 1497 οὐδέν.
1470 1444 1569 1496 εἶτα
1604 1445 1750 1513 πρὸι5

174 1534 258 1579 τοῦ
284 1530 416 1593 δίκην
443 1530 647 1598 ἀξιῶσαι
682 1534 848 1591 λαβεῖν
883 1528 1018 1583 εὐθὺς
1054 1530 1267 1598 ἔγραψεν
1294 1530 1538 1596 ἀγώγιμον
1564 1529 1693 1582 εἶναι.

1413 1613 1432 1640 k
1443 1613 1699 1682 ὑπόσχωσι

173 1610 292 1678 πρὸς
327 1611 376 1663 δὲ
402 1611 582 1666 τούτοις
610 1614 634 1663 ὁ
667 1612 752 1677 μὲν
780 1612 934 1676 νόμος,
961 1613 1058 1664 Ῐέἀν
1095 1613 1211 1677 μήτε
1249 1615 1378 1668 δίκας

173 1697 283 1761 παρ’
313 1695 380 1749 οἷς
407 1694 465 1746 ἂν
498 1695 552 1746 rb
587 1697 739 1750 ποίθος
776 1697 981 1762 γένηται,
1016 1696 1132 1761 μήτε
1167 1695 1274 1751 τοὺς
1308 1696 1588 1763 δεδρακότας
1625 1699 1697 1748 ἐκ-

175 1781 356 1842 διδῶσι,
395 1780 570 1830 κελεύει
609 1779 729 1830 κατὰ
770 1779 949 1830 τούτων
990 1779 1104 1830 εἶναι
1143 1779 1306 1847 1μέχρι
1343 1785 1484 1846 τριῶν
1521 1780 1575 1832 rb
1616 1785 1697 1832 ἀν-

82 1890 162 1919 100
176 1862 457 1931 δρολήψιον·
500 1864 525 1913 ὁ
562 1863 610 1914 δὲ
650 1864 841 1918 τούτους
876 1862 961 1927 μὲν
996 1862 1177 1932 ἀθῴους
1211 1868 1441 1929 “’παρῆκε,
1479 1868 1553 1915 καὶ
1592 1866 1750 1917 οὐδὲαο

173 1944 323 2010 λόγον
359 1947 636 2009 ι’πεποίηται
673 1949 777 2012 περὶ
820 1948 974 1997 αὐτῶν
1013 1948 1191 2010 οὐδένα,
1227 1947 1373 2001 Οτοὺς
1407 1947 1455 1999 δὲ
1490 1949 1573 1999 τὸν
1607 1949 1696 2015 ἤδη

172 2029 442 2098 πεφευγότα
473 2030 657 2094 (Ρθήσω
685 2029 778 2096 γὰρ
818 2031 960 2100 οὕτω)
992 2030 1111 2081 κατὰ
1147 2030 1228 2081 τὸν
1265 2031 1418 2082 κοινὸν
1447 2032 1697 2084 Ἷάπάντων

171 2115 433 2181 ἀνθρώπων
461 2115 622 2178 νόμον,
654 2114 704 2168 ὃς
736 2120 879 2166 κεῖται
913 2115 995 2166 τὸν
1023 2115 1261 2183 φεύγοντα
1288 2115 1522 2183 δέχεσθαι,
1549 2119 1691 2168 1’ὑπο-

172 2197 452 2265 δεξαμένους
493 2198 782 2252 ἐκσπόνδους
818 2196 933 2248 εἶναι
972 2197 1160 2266 γράφει,
1200 2198 1280 2249 ε’ἀν
1317 2197 1382 2262 μὴ
1420 2198 1502 2250 τὸν
1541 2200 1693 2266 ἱκέτην
1706 2224 1745 2256 25

81 2303 156 2332 101
175 2281 361 2331 ἔκδοτον
386 2283 593 2333 διδῶσιν.
634 2283 800 2332 οὐκοῦν
827 2284 905 2332 καὶ
931 2285 1020 2351 8τῷ
1051 2282 1115 2346 μὴ
1142 2287 1420 2348 προσθεῖναι
1452 2289 1566 2345 πῶς,
1592 2284 1693 2335 ιεὀὶν

172 2365 436 2432 ἀποκτείνῃ,
463 2367 538 2415 καὶ
565 2368 632 2435 τῷ
658 2366 888 2429 μηδεμίαν
915 2367 1070 2431 κρίσιν
1096 2371 1252 2430 εἰπεῖν,
1279 2369 1355 2417 καὶ
1380 2372 1446 2436 τῷ
1473 2368 1538 2432 μὴ
1561 2369 1691 2422 δίκας

228 2539 246 2558 a
266 2533 385 2579 ἄνδρες
403 2546 474 2568 om.
497 2536 574 2569 A.v.
711 2532 731 2559 b
752 2535 880 2581 νόμων]
905 2539 972 2569 τῶν
992 2539 1101 2580 νόμων
1121 2538 1161 2572 F.
1293 2544 1309 2563 0
1328 2540 1449 2586 τοῦτο]
1473 2539 1584 2574 τούτω
1603 2553 1634 2574 v.
1656 2547 1691 2575 et

172 2598 224 2632 pr.
245 2586 282 2620 k.
365 2583 383 2610 d
403 2588 521 2634 βιαίῳ]
546 2587 662 2622 Βιαίως
682 2587 858 2622 F.S.Y.O.
971 2595 987 2614 θ
1006 2590 1115 2635 λέγει]
1140 2592 1340 2638 Legebatur
1359 2594 1455 2638 λέγῃ.
1489 2594 1635 2628 Correxi
1654 2594 1690 2627 in

172 2639 256 2672 edit.
277 2651 307 2672 a.
334 2637 446 2685 1825.
557 2637 572 2664 f
588 2642 659 2675 τοῖς
678 2652 748 2675 om.
771 2653 822 2686 pr.
845 2642 882 2676 k.
967 2648 982 2671 g
1003 2643 1051 2683 δέ,
1074 2642 1130 2690 ἂν]
1153 2644 1182 2678 δ’
1202 2646 1258 2678 ἐὰν
1278 2646 1386 2680 A.r.s.
1473 2644 1492 2670 h
1513 2647 1548 2680 δέ
1569 2658 1638 2680 om.
1660 2659 1688 2681 s.

174 2688 184 2716 ί
203 2692 261 2725 ἐὰν
282 2692 399 2726 S.O.s.
428 2691 468 2726 ἂν
487 2693 604 2738 vulgo.
710 2690 729 2717 k
752 2694 955 2740 ὑπόσχωσι]
982 2696 1137 2740 ὑπέχωσι
1156 2699 1335 2740 ᾼ.Ις.1·.8.ν.
1437 2697 1447 2724 l
1467 2698 1568 2744 μέχρι
1587 2702 1691 2744 τριῶν

173 2745 211 2777 τὸ
231 2744 467 2789 ἀνδρολήψιον
486 2746 637 2780 codices.
667 2747 706 2780 τὸ
726 2746 961 2792 ἀνδρολήψιον
980 2749 1080 2794 μέχρι
1100 2755 1201 2796 τριῶν
1221 2751 1340 2797 vulgo.
1489 2757 1520 2776 m
1539 2752 1684 2798 παρῆκε]

172 2798 352 2842 παραφῆκε
371 2798 463 2833 Y.O.
620 2804 639 2823 Π
668 2800 865 2846 πεποίηται]
899 2799 1060 2845 πεποίηκε
1079 2815 1112 2837 v.
1267 2809 1285 2829 0
1314 2804 1410 2850 τοὺς]
1430 2804 1528 2840 οὗτος
1545 2806 1689 2840 A.r.S.V.

172 2854 192 2883 P
213 2849 325 2896 θήσω]
351 2850 455 2896 φήσω
475 2864 506 2886 v.
611 2859 629 2887 Q
651 2851 824 2898 ἁπάντων]
848 2854 983 2887 πάντων
1001 2855 1076 2890 k.v.
1172 2862 1188 2881 Υ
1207 2857 1479 2902 ὑποδεξαμένους
1498 2857 1554 2893 ed.
1578 2858 1689 2894 Paris,

173 2915 203 2937 a.
232 2911 345 2949 157οι
378 2904 578 2950 Legebatur
597 2904 677 2940 τοὺς
698 2905 794 2951 (τοὺς
812 2906 848 2940 δέ
868 2906 920 2951 k.)
941 2907 1221 2953 ὑποδεξαμένους.
1351 2915 1366 2935 S
1386 2912 1691 2959 τῷ-τῲς-τῲ-

172 2956 337 3003 τῷ-τῷ]
361 2958 781 2992 τὸ-τὸ-τὸ-τὸ-τὸ
801 2959 836 2993 k.
947 2958 962 2985 t
982 2961 1039 2994 ἐὰν
1059 2962 1207 2997 codices.
1236 2961 1276 2996 ἂν
1295 2964 1413 3009 vulgo.

228 3031 323 3058 v0L,
342 3030 392 3058 11.
925 3035 952 3059 D
975 3021 1001 3060 d
