1954 3273
54 139 209 187 -618,
232 155 281 179 11.
640 140 784 178 ΚΑΤΑ
822 141 1231 178 ΑΝΔῘὈΤΙΩΝΟΣ.
1609 138 1693 180 649

176 250 351 312 foreat,
381 251 634 311 νεώσοικοι,
663 252 745 300 οὐκ
771 250 1061 316 ἀμφορίσκοι
1087 251 1168 300 δύο
1201 249 1305 300 οὐδὲ
1336 250 1553 315 χρυσίδες
1584 250 1688 299 τέτ-
1708 273 1747 293 20

176 356 312 398 ταρες
346 332 375 397 ἢ
414 338 547 399 τρεῖς,
585 333 771 398 ἄγουσα
809 332 985 395 ἑκάστη
1023 337 1158 394 μνᾶν,
1194 331 1260 393 ἃς,
1299 332 1412 382 ὅταν
1450 355 1528 381 σοι
1565 335 1693 398 δοκῇ,

111 425 164 478 96
177 415 240 466 σὺ
272 416 420 467 πάλιν
454 417 688 483 ἕγράψεις
726 414 1077 481 καταχωνεύειν.
1133 416 1186 464 οὐ
1220 414 1313 479 γὰρ
1349 413 1515 467 αὑτοὺς
1554 417 1689 464 δεκα-

175 499 398 560 τεύοντες,
446 500 538 549 οὐδ’
586 496 617 549 ἃ
666 497 998 562 καταράσαιντ’
1042 496 1101 547 ἂν
1146 501 1188 547 οἱ
1238 500 1394 564 ἐχθροὶ
1442 503 1694 559 ποιοῦντες,

177 582 195 609 ¹¹
210 584 380 634 διπλᾶς
417 580 701 647 πράττοντες
738 580 822 634 τὰς
860 579 1102 648 εἰσφορὰς,
1136 581 1264 631 ταῦτ’
1300 580 1567 641 ῑάνέθεσαν,
1600 581 1693 630 οὐδ’

177 663 410 729 1(οἷόσπερ
454 662 518 713 σὺ
563 664 792 730 χρώμενοι
838 662 1134 726 συμβούλοις
1185 663 1524 724 ἐπολιτεύοντο,
1565 661 1696 712 ἀλλὰ
1710 684 1747 714 25

176 746 282 799 τοὺς
322 745 516 812 ἐχθροὺς
555 751 846 810 κρατοῦντες,
886 747 962 794 καὶ
1001 743 1031 795 ἃ
1068 750 1160 798 πᾶς
1195 767 1264 797 τις
1302 743 1380 795 Ῑᾶν
1419 746 1467 795 εὖ
1507 750 1697 813 φρονῶν

177 830 376 898 εὔξαιτο,
404 829 491 892 τὴν
516 829 659 880 πόλιν
686 833 747 882 εἷς
774 827 993 890 ὁμόνοιαν
1019 829 1265 893 ωᾶγοντες,
1293 827 1528 878 ἀθάνατον
1559 828 1697 882 κλέος

177 913 330 962 αὐτῶν
368 913 637 974 λελοίπασι,
674 912 811 965 ”Tobs
845 911 1225 975 0ἐπιτηδεύοντας
1264 910 1337 961 οἶα
1376 913 1456 962 σοὶ
1488 913 1690 972 ρβεβίω-

112 1015 163 1056 97
178 1018 254 1045 ται
291 998 372 1058 τῆς
411 998 586 1061 ἀγορᾶς
625 994 872 1060 εἴργοντες.
929 996 1054 1057 ὑμεῖς
1090 995 1128 1044 δ’
1158 998 1218 1047 εἷς
1256 995 1396 1055 τοῦτ’,
1431 992 1498 1044 (Ῑῶ
1535 995 1697 1060 ἄνδρες
1711 1004 1792 1043 618

177 1080 432 1142 Ἀθηναῖοι,
478 1079 737 1145 προήχθητ’
779 1079 985 1141 εὐηθείας
1035 1081 1111 1128 καὶ
1152 1079 1394 1146 ῥᾳθυμίας,
1440 1077 1553 1129 ὥστ’
1594 1078 1698 1129 οὐδὲ

177 1168 400 1212 Υτοιαῦτα
451 1162 634 1228 ἔχοντες
683 1162 1043 1227 παραδείγματα
1097 1168 1246 1212 ταῦτα
1302 1165 1533 1224 μιμεῖσθε,
1585 1162 1695 1211 ἀλλ’

177 1245 462 1310 Ἀνδροτίων
502 1247 607 1308 ὑμῖν
644 1245 888 1307 πομπείων
926 1243 1287 1308 ἐπισκευαστὴς,
1321 1245 1622 1310 Ἀνδροτίων,
1661 1241 1727 1294 (35

177 1331 238 1393 γῆ
276 1330 351 1378 καὶ
391 1328 499 1380 θεοί.
552 1330 627 1378 καὶ
662 1329 811 1378 3τοῦτ’
840 1328 1064 1391 ἀσέβημα
1094 1327 1294 1378 ε”λαττον
1319 1327 1442 1380 τίνος
1467 1327 1694 1392 ἡγεῖσθε;

177 1410 269 1475 ἐγὼ
301 1411 385 1473 μὲν
410 1409 504 1476 γὰρ
530 1410 706 1473 ἵοῖομαι
733 1412 828 1460 δεῖν
853 1408 936 1460 τὸν
961 1412 1053 1463 ”eis
1080 1408 1177 1475 ἱερὰ
1203 1409 1409 1459 εἰσιόντα
1440 1412 1515 1459 καὶ
1540 1410 1695 1476 χερνί-

178 1500 280 1555 βων
313 1496 388 1543 καὶ
425 1498 577 1544 κανῶν
611 1492 855 1561 ἁψόμενον
890 1495 966 1543 καὶ
999 1495 1080 1556 τῆς
1114 1490 1234 1558 πρὸς
1258 1491 1399 1545 Χτοὺς
1433 1491 1564 1545 θεοὺς
1595 1494 1694 1543 ε’πι-

178 1577 364 1639 μελείας
402 1575 679 1641 προστάτην
717 1575 942 1640 ἐσόμενον
981 1576 1084 1643 οὐχὶ
1118 1576 1479 1642 Υπροειρημένον
1513 1576 1698 1641 ἡμερῶν

179 1658 377 1724 ἀριθμὸν
413 1659 668 1724 Ζἁγνεύειν,
709 1658 839 1709 ἀλλὰ
876 1658 959 1709 τὸν
996 1659 1135 1719 ἣβίον
1174 1659 1440 1721 ἡγνευκέναι
1477 1659 1754 1711 τοιούτων10

179 1740 553 1804 ἐπιτηδευμάτων
580 1739 653 1790 οἶα
678 1740 829 1808 τούτῳ
855 1739 1130 1801 βεβίωταιῧ.

235 1923 250 1951 f
267 1927 381 1966 στοαὶ,
400 1927 593 1972 νεώσοικοι]
618 1928 706 1961 στοὰ
725 1928 805 1962 νεὼς
824 1926 908 1961 οἴκοι
927 1939 955 1961 r.
1033 1932 1054 1959 g
1073 1926 1239 1972 γράψεις]
1261 1928 1406 1972 γράφεις
1424 1929 1536 1962 A.k.r.
1612 1926 1630 1953 h
1651 1929 1701 1963 δι·

180 2007 270 2040 πλᾶς
289 2007 494 2050 πράττοντες·
514 2017 584 2039 om.
607 2005 651 2040 Ο.
764 2003 772 2030 5
793 2005 974 2051 ἀνέθεσαν]
998 1989 1163 2040 ἀνέθειόἾαον
1182 2018 1209 2039 r.
1313 2002 1334 2030 k
1355 2003 1516 2052 οἷόσπερ]
1542 2005 1700 2052 οἵοισπερ

180 2058 466 2093 A.F.S.Y.O.r.t.
496 2056 618 2103 οἷσπερ
638 2059 673 2092 k.
704 2058 787 2093 οἵοίς
806 2072 890 2092 ποτε
909 2071 937 2092 S.
975 2059 1019 2092 V.
1041 2059 1085 2092 ad
1104 2071 1139 2104 p.
1156 2057 1246 2103 613,
1262 2070 1297 2105 9.
1395 2055 1406 2082 l
1424 2057 1464 2092 ἂν
1484 2071 1554 2093 om.
1571 2061 1612 2094 A.
1633 2061 1701 2094 hoe

180 2111 269 2150 loeo,
290 2122 362 2143 non
387 2123 492 2155 supra
516 2117 597 2156 post
617 2113 877 2157 καταράσαιντο,
899 2112 994 2156 quod
1015 2111 1178 2145 Reiskius
1197 2111 1317 2145 refert.
1358 2111 1493 2145 Literas
1513 2110 1553 2145 ἂν
1573 2111 1609 2145 εὖ
1629 2114 1701 2157 φρο

181 2163 216 2195 in
237 2175 356 2196 rasura
375 2163 481 2197 habet
503 2164 538 2197 S.
633 2169 663 2188 m
683 2164 839 2209 ἄγοντες]
863 2163 1043 2210 ἀνάγοντες
1065 2164 1101 2198 S.
1186 2170 1201 2185 Π
1221 2165 1300 2198 τοὺς
1321 2164 1481 2199 S.Y.O.r.
1503 2170 1537 2198 et
1557 2177 1591 2210 p.
1612 2163 1699 2212 758.

1165 2226 1207 2244 σα
1527 2227 1562 2244 ον

183 2248 382 2294 Legebatur
401 2249 480 2284 τοὺς
499 2249 540 2283 δ’.
677 2255 696 2274 0
717 2249 991 2296 ἐπιτηδεύοντας]
1019 2249 1276 2293 ἐπιτηδεύοντας
1297 2251 1336 2284 F.
1366 2249 1650 2294 ἐπιτηδεύσαντας
1670 2263 1700 2287 r.

182 2300 468 2344 ἐπιτηδεύσαντας
489 2302 652 2336 S.Y.O.s.
783 2308 803 2336 Ρ
822 2302 1003 2348 βεβίωται]
1025 2302 1210 2343 βεβίωνται
1229 2302 1351 2337 Y.O.s.
1373 2309 1408 2337 et
1427 2309 1604 2349 expuncto
1625 2318 1642 2336 ν
1663 2304 1700 2339 S.

183 2358 202 2385 ‘l
223 2350 249 2386 ὦ
266 2353 383 2398 ἄνδρες
402 2353 572 2397 Ἀθηναῖοι
592 2366 662 2389 om.
684 2355 764 2389 A.k.
902 2361 917 2379 1'
935 2355 1090 2400 τοιαῦτα]
1115 2358 1221 2389 ταῦτα
1239 2355 1363 2389 Y.O.s.
1494 2361 1508 2380 ⁵
1528 2355 1638 2401 τοῦτ’]
1661 2357 1702 2390 τὸ

185 2405 258 2439 Rv.
288 2408 390 2438 τοῦτο
409 2407 448 2439 τὸ
468 2407 610 2440 A.k.r.t.
699 2405 713 2431 ἵ
734 2405 845 2450 οἴομαι
867 2408 903 2442 S.
935 2405 1026 2451 οἶμαι
1045 2408 1163 2453 vulgo.
1252 2415 1271 2433 Π
1293 2408 1340 2443 εἷς
1358 2420 1428 2442 om.
1452 2408 1497 2443 O.
1586 2416 1603 2434 Χ
1623 2408 1703 2444 τοὺς

185 2469 254 2491 om.
277 2457 361 2491 S.O.
452 2466 470 2494 ,Ψ
491 2458 730 2503 προειρημένον
749 2460 927 2494 Reiskius.
958 2461 1205 2505 προειρημένων
1224 2460 1314 2495 libri.
1344 2461 1466 2494 τακτὸν
1486 2466 1539 2495 est
1558 2473 1593 2506 p.
1612 2461 1701 2507 758,

189 2520 251 2544 20.
279 2510 338 2543 ubi
366 2510 445 2544 libri
476 2511 579 2544 multi
606 2513 867 2556 προειρημένων,
895 2513 951 2546 cui
979 2513 1015 2546 in
1041 2524 1113 2546 uno
1142 2513 1417 2559 superscriptum
1445 2514 1699 2559 προειρημένον.

186 2567 204 2585 Ζ
224 2561 393 2607 ἁγνεύειν]
417 2562 568 2607 ἁγνεύειν
586 2565 689 2606 μόνον
708 2565 849 2598 A.k.r.s.
925 2570 943 2589 a
961 2565 1040 2606 βίον
1062 2565 1096 2598 S.
1132 2565 1334 2610 Legebatur
1351 2567 1429 2607 βίον
1449 2566 1543 2600 ὅλον.
1618 2563 1637 2590 b
1659 2566 1701 2599 In

188 2624 271 2658 B.S.
293 2624 527 2670 subscriptum
547 2627 630 2659 κατὰ
649 2625 870 2671 ἀνδροτῖωνος
890 2630 1090 2672 παρανόμων
1112 2618 1388 2677 ῚΙ-ΙΙΗΗῙΚΙΔΔΔ.
