1954 3273
36 187 191 238 —756‚
210 203 265 228 24.
626 194 767 232 ΚΑΤΑ
799 194 1206 232 ΤΙΜΟΚΡΑΤΟΎΣ.
1596 194 1680 235 789

159 305 322 370 σαυτῷ
346 302 596 364 πιστεύειν,
624 305 706 354 οὐκ
733 303 790 354 ἂν
816 304 984 367 ὁμοίως
1010 304 1216 368 κλέπτης
1243 304 1308 355 ὧν
1328 307 1554 373 ωέφωρῶ·
1598 312 1680 356 νῦν

160 385 196 433 δ’
226 386 299 435 ἐπὶ
337 391 435 438 ταῖς
474 389 719 453 εἰσφοραῖς
756 385 781 436 ὃ
817 385 993 436 δίκαιόν
1025 387 1126 436 ἐσθ’
1162 387 1340 452 ὁρίσας,
1378 386 1443 451 μὴ
1480 390 1560 438 σοὶ
1593 410 1676 439 πι-

265 468 276 483 t
397 471 407 485 2
493 467 506 486 x
595 474 614 483 Α
737 471 747 485 ε
788 472 808 482 Α
944 469 954 484 t
1133 469 1145 485 x
1258 470 1267 485 t
1401 472 1410 486 t
1470 470 1480 486 t
1514 476 1524 493 3
1565 472 1588 489 ‚s

160 490 355 531 στευειν,
381 477 512 519 αλλα
537 492 633 522 τοις
661 477 836 533 ηαυτης
872 472 1057 523 δουλοις
1095 493 1181 534 την
1205 479 1364 533 πολιν,
1392 494 1511 522 οποτ
1553 478 1680 522 αλλο

161 573 204 600 τι
242 550 464 616 πράττων
489 554 564 602 καὶ
589 552 809 618 χρήματα
835 557 974 603 κινῶν
1009 552 1120 619 ἱερὰ,
1153 552 1217 603 ὧν
1243 554 1340 604 ἔνια
1378 555 1470 605 οὐδ’
1500 557 1573 606 ἐπὶ
1600 558 1682 619 Τῆς
1697 564 1776 615 756

163 634 386 700 ἡμετέρας
420 640 579 700 γενεᾶς
615 636 821 699 ἀνετέθη,
848 635 913 699 μὴ
946 636 1387 705 προσγραψάμενος
1424 636 1511 702 τὴν
1539 637 1683 702 αὐτὴν

166 716 387 784 φυλακὴν
414 719 559 784 ἥνπερ
585 720 657 769 ἐπὶ
684 723 777 769 τῶν
803 723 1044 786 εἰσφορῶν
1069 720 1265 787 οφαίνει,
1292 721 1373 770 οὐκ
1413 720 1501 784 ἤδη
1538 723 1684 784 δῆλον

73 819 152 860 205
168 804 225 851 δι’
255 800 279 851 ὃ
316 802 437 851 τοῦτ’
465 803 728 865 ἐποίησας;
773 803 865 868 ἐγὼ
900 803 984 866 μὲν
1018 801 1157 866 οἶμαι.
1200 806 1275 854 καὶ
1315 803 1419 868 μὴν,
1446 801 1483 854 (3
1520 804 1684 870 ἄνδρες

169 888 424 948 Ἀθηναῖοι,
451 888 560 935 Ρκαὶ
600 884 754 935 (Ικατὰ
791 884 966 939 παντὸς
1006 891 1088 936 τοῦ
1125 885 1297 953 χρόνου
1329 886 1584 955 σκέψασθε
1622 890 1713 941 ὡς5

169 968 296 1019 καλὰ
335 971 411 1020 καὶ
448 968 635 1035 ζηλωτὰ
677 969 1012 1036 ἐπιγράμματα
1051 974 1134 1034 τῆς
1177 971 1362 1024 πόλεως
1404 970 1584 1021 ἀνελών
1624 974 1686 1024 ὡς

169 1052 325 1114 ἀσεβῆ
364 1053 439 1101 καὶ
470 1051 595 1102 δεινὰ
621 1052 994 1121 ἀντεπέγραψεν.
1039 1051 1165 1117 οἶμαι
1191 1052 1285 1120 γὰρ
1324 1055 1441 1117 ὑμᾶς
1476 1051 1686 1108 ἅπαντας

169 1135 314 1200 Γὀροῖν
341 1134 430 1186 ὑπὸ
456 1139 550 1185 τῶν
576 1135 830 1203 στεφάνων
855 1141 954 1190 ταῖς
981 1137 1202 1203 χοινικίσι
1237 1136 1445 1188 κάτωθεν
1469 1160 1679 1203 γεγραμ-

170 1219 288 1279 μένα
313 1225 341 1247 “
361 1221 403 1268 οἱ
428 1218 672 1285 σύμμαχοι
697 1218 780 1269 τὸν
806 1222 977 1283 Ξδῆμον
1002 1221 1320 1286 ἀνδραγαθίας
1345 1221 1360 1247 t
1376 1221 1490 1272 ἕνεκ’
1518 1223 1683 1271 ιλέστε-
1703 1245 1741 1266 10

172 1310 198 1333 ‘⁶
224 1302 458 1372 φάνωσαν
502 1306 578 1353 καὶ
617 1304 939 1368 δικαιοσύνης”
980 1303 1008 1369 ἢ
1049 1308 1136 1354 “οἱ
1171 1304 1416 1372 σύμμαχοι
1455 1307 1690 1371 ἀριστεῖον

173 1394 201 1416 “
225 1390 284 1454 τῇ
326 1387 510 1455 Ἀθηνᾷ
546 1387 799 1437 ἀνε’θεσαν”
838 1385 867 1450 ἢ
907 1386 1027 1438 κατὰ
1063 1386 1226 1441 πόλεις
1263 1394 1291 1417 “
1311 1392 1379 1438 Χοὶ
1424 1391 1565 1441 δεῖνες
1608 1388 1691 1440 τὸν

175 1478 202 1501 “
223 1473 372 1534 δῆμον
411 1469 754 1539 ἐστεφάνωσαν
791 1470 1024 1524 σωθέντες
1068 1470 1158 1522 ὑπὸ
1203 1477 1320 1521 Υτοῦ
1365 1470 1552 1535 δήμου,”
1594 1470 1692 1521 οἷον

175 1562 203 1584 “
224 1556 420 1615 Εὐβοεῖς
446 1561 463 1580 ²
480 1554 864 1619 ἐλευθερωθέντες
890 1553 1234 1622 ἐστεφάνωσαν
1259 1553 1342 1606 τὸν
1362 1555 1535 1618 δῆμον”
1558 1556 1686 1606 ἃέπε-

175 1637 416 1705 γέγραπτό
459 1660 566 1699 που,
603 1637 752 1688 πάλιν
791 1644 817 1666 “
840 1636 1007 1688 Κόνων
1052 1635 1145 1688 ἀπὸ
1183 1640 1267 1700 τῆς
1309 1639 1566 1705 ναυμαχίας
1606 1640 1689 1701 τῆς
1707 1664 1741 1693 15

178 1728 205 1751 “
229 1720 347 1788 πρὸς
389 1721 820 1784 Λακεδαιμονίους,”
867 1728 895 1749 “
913 1721 1131 1787 Χαβρίας
1177 1721 1271 1772 ἀπὸ
1321 1724 1404 1785 τῆς
1447 1723 1495 1772 ἐν
1541 1720 1692 1789 Νάξῳ

177 1813 203 1834 “
230 1805 536 1871 ναυμαχίας.”
590 1809 779 1854 τοιαῦτα
817 1803 910 1870 γὰρ
955 1802 1013 1867 ἦν
1055 1802 1115 1854 τὰ
1159 1808 1254 1854 τῶν
1298 1803 1552 1872 στεφάνων
1597 1806 1695 1854 ε’πι-

1004 1885 1022 1904 A
1065 1887 1084 1915 b

87 1907 168 1949 206
177 1890 449 1956 γράμματα.
492 1893 640 1939 ταῦτα
671 1888 756 1951 μὲν
791 1889 960 1950 τοίνυν,
997 1911 1028 1938 α
1099 1887 1328 1954 πρότερον
1362 1888 1504 1954 ζῆλον
1541 1885 1696 1938 πολὺν

178 1972 270 2041 εἶχε
308 1976 383 2024 καὶ
422 1973 699 2041 φιλοτιμίαν
741 1973 862 2035 ὑμῖν,
903 1971 1164 2040 ἠφάνισται
1197 1971 1564 2037 καθαιρεθέντων
1602 1975 1695 2022 τῶν
1710 1997 1749 2017 20

496 2057 506 2071 )
543 2057 557 2074 Χ

178 2057 444 2124 στεφάνων·
485 2079 558 2106 επι
590 2055 671 2106 οδὲ
710 2060 811 2108 ταῖς
847 2053 1055 2123 φιάλαις,
1095 2052 1147 2107 ἃς
1187 2055 1286 2104 ἀντ’
1322 2055 1506 2105 ἐκείνων
1543 2053 1699 2117 ἐποιή-

180 2146 292 2192 σαθ’
321 2139 340 2167 d
357 2143 463 2203 ὑμῖν
489 2142 514 2190 ὁ
540 2139 714 2205 πόρνος
749 2140 896 2202 οὗτος,
923 2146 950 2168 “
974 2140 1313 2204 Ἀνδροτίωνος
1338 2139 1699 2201 ἐπιμελουμένου

182 2233 210 2255 “
235 2224 574 2288 θέποιήθησαν”
603 2224 953 2290 ἐπιγέγραπται,
993 2226 1068 2274 καὶ
1102 2224 1155 2273 οὗ
1192 2221 1245 2274 τὸ
1278 2227 1420 2286 σῶμα
1457 2223 1701 2289 ἡταιρηκό-

181 2332 260 2363 τος
292 2310 374 2360 οὐκ
412 2310 554 2358 ἐῶσιν
594 2311 635 2358 οἱ
671 2306 803 2371 νόμοι
837 2311 898 2361 εἷς
937 2307 995 2358 τὰ
1032 2307 1130 2374 ἱερὰ
1164 2307 1368 2371 εἰσιέναι,
1395 2307 1560 2360 τούτου
1597 2309 1703 2359 τοῦ-

238 2479 269 2498 m
290 2473 431 2519 ἐφωρῶ]
457 2473 572 2520 ε’φορῶ
592 2473 714 2509 Y.O.s.
799 2480 820 2499 n
840 2474 958 2521 αὑτῆς]
981 2476 1109 2519 σαυτῆς
1130 2475 1175 2510 Ο.
1202 2475 1317 2512 αὐτοῖς
1335 2488 1398 2511 LV.
1492 2481 1510 2501 ⁰
1530 2474 1644 2521 φαίνει
1665 2476 1702 2511 S.

186 2525 291 2572 φαίνῃ
311 2527 429 2572 vulgo.
552 2536 571 2565 Ρ
590 2528 641 2561 καὶ
662 2532 743 2573 post
761 2526 931 2571 Ἀθηναῖοι
951 2540 1021 2563 om.
1043 2541 1075 2562 v.
1199 2535 1219 2563 q
1238 2530 1322 2564 κατὰ
1340 2528 1483 2575 παντὸς]
1507 2528 1578 2563 καθ’
1599 2528 1703 2563 ἅπαν-

185 2594 244 2615 τος
266 2580 301 2614 S.
414 2585 425 2600 r
445 2581 527 2625 ὁρᾶν
547 2580 612 2613 ὑπὸ
632 2583 699 2613 τῶν
719 2581 918 2627 στεφάνων]
944 2581 1010 2614 ὑπὸ
1030 2584 1096 2615 τῶν
1112 2583 1294 2627 στεφάνων
1314 2584 1396 2625 ὁρᾶν
1414 2595 1448 2617 v.
1565 2587 1579 2606 ³
1600 2582 1706 2625 δῆμον

188 2634 224 2667 S.
245 2638 280 2667 et
298 2645 333 2678 p.
348 2631 437 2674 616,
453 2643 487 2678 3.
520 2632 719 2678 Legebatur
733 2634 839 2676 δῆμον
858 2634 918 2667 τὸν
939 2635 1021 2677 (τῶν
1035 2634 1284 2680 Y.O.k.r.s.v.)
1304 2634 1500 2678 Ἀθηναίων.
1568 2636 1582 2661 t
1601 2634 1699 2681 ἕνεκ’]

186 2685 293 2720 εἵνεκα
315 2686 350 2720 S.
498 2693 517 2711 U
539 2687 787 2730 ἐστεφάνωσαν
815 2692 850 2720 et
873 2688 969 2732 quod
997 2688 1154 2733 sequitur
1181 2688 1346 2723 ἀνέθεσαν
1374 2689 1472 2722 abest
1500 2700 1535 2733 p.
1556 2686 1646 2728 616,
1668 2698 1704 2732 3.

186 2744 207 2763 Χ
237 2740 268 2772 οἱ
288 2738 408 2784 δεῖνες]
431 2737 551 2774 οἵτινες
572 2739 733 2774 S.Y.O.1·.
884 2746 903 2773 Y
931 2743 993 2775 τοῦ
1013 2753 1082 2775 om.
1102 2754 1156 2787 pr.
1178 2742 1214 2776 k.
1364 2747 1381 2766 Ζ
1402 2740 1701 2786 ἐλευθερωθέντες]

221 2800 270 2828 γρ.
288 2788 440 2820 σωθέντες

187 2834 470 2880 ἐλευθερωθέντες
490 2847 517 2868 r.
547 2834 713 2870 σωθέντες
732 2835 846 2871 A.k.S.
922 2841 942 2861 θ’
960 2835 1209 2883 ἐπεγέγραπτό]
1234 2837 1462 2883 ἐπιγέγραπτό
1481 2849 1509 2870 ι’.
1584 2833 1604 2861 b
1624 2850 1707 2881 προ-

187 2901 287 2932 τερον
306 2887 427 2933 ζῆλον]
452 2889 554 2931 ζῆλον
573 2890 739 2935 πρότερον
759 2888 834 2923 F.v.
956 2894 973 2914 0
992 2889 1029 2924 δὲ
1048 2891 1121 2926 ταῖς
1141 2889 1298 2937 φιάλαις]
1321 2891 1393 2925 ταῖς
1412 2890 1552 2934 φιάλαις
1573 2890 1608 2923 δέ
1630 2890 1706 2924 F.v.

189 2946 229 2974 ut
247 2941 431 3028 legigur6p.
449 2939 541 2982 616,
562 2952 618 2976 11.
727 2939 743 2963 d
762 2940 857 2988 ὑμῖν]
881 2941 959 2986 ἡμῖν
977 2942 1069 2978 Y.O.
1181 2949 1196 2968 e
1213 2942 1423 2987 ἐποιήθησαν
1443 2954 1513 2977 om.
1538 2942 1573 2976 S.
1605 2943 1708 2988 Legi-

189 2999 247 3027 tur
266 3006 299 3039 p.
351 3005 362 3028 1
398 3021 407 3035 ‚
431 3005 441 3028 1
454 3005 487 3039 3.
