1954 3273
246 155 331 197 622
781 155 1210 195 ΔΗΜΟΣΘΕΝΟΎΣ
1338 151 1423 191 On.
1442 149 1673 203 XX11.·p.
1691 158 1791 202 592,
1807 161 1884 191 7—

249 271 455 317 φανοῦσθαι.
484 270 570 316 πρὸς
599 271 635 305 δὲ
667 270 747 305 τοὺς
781 269 911 304 ἅλλους
942 267 1003 302 δύο
1032 268 1299 314 παραγραφικῶς
1328 264 1535 311 ἀγωνίζεται,
1566 264 1677 309 λέγων
1709 261 1763 296 ὅτι

250 335 326 381 ἄρτι
345 335 404 368 οὐκ
424 333 552 380 ὤφειλε
571 334 744 379 κρίνεσθαι
762 333 840 378 περὶ
858 330 999 366 τούτων.

305 399 399 434 Τινὲς
419 397 447 432 δ’
471 398 693 443 ἐπεχείρησαν
717 399 839 430 τοῦτον
863 397 924 430 τὸν
950 397 1057 441 λόγον
1080 395 1127 431 εἷς
1146 396 1272 429 στάσιν
1298 393 1510 437 ’ίᾶνενεγκεῖν
1532 390 1764 438 πραγματικὴν
1779 403 1818 424 10

251 462 313 506 τὴν
344 463 430 508 πρὸς
458 461 663 504 ἀντινομίαν,
694 459 854 505 λέγοντες
888 458 940 493 ὅτι
974 465 996 477 “
1015 459 1088 492 ι’δοὺ
1119 458 1172 491 καὶ
1205 458 1348 491 ἐνταῦθα
1381 455 1441 490 δύο
1472 457 1568 500 νόμοι
1600 456 1766 500 μάχονται

255 531 279 544 “
300 525 464 569 ἀλλήλοις
497 525 532 558 ἐκ
563 524 810 569 περιστάσεως,
842 518 886 556 ὧν
917 524 935 556 ὁ
969 520 1015 558 εἷς
1046 521 1307 568 παραβέβασται
1340 522 1395 555 διὰ
1422 523 1462 555 τὸ
1492 521 1678 566 κυρωθῆναι
1707 520 1768 552 τὸν

256 595 279 609 “
302 587 453 635 ἔτερον.”
481 588 572 622 ἀλλὰ
596 588 742 633 λέγομεν
761 586 814 620 ὅτι
840 587 875 620 ἐν
900 588 941 629 τῇ
969 588 1182 632 πραγματικῇ
1202 589 1242 629 τῇ
1267 587 1352 631 πρὸς
1375 585 1568 628 ἀντινομίαν
1592 584 1769 629 οὐδέτερος
1784 590 1818 623 15

255 653 510 699 παραβαίνεται,
548 652 640 685 ἀλλὰ
676 653 870 694 σκοποῦμεν
907 652 1006 684 ποῖον
1043 651 1094 684 δεῖ
1129 651 1376 696 παραβαθῆναι.
1419 650 1453 683 ἐν
1483 650 1519 684 δέ
1550 652 1598 697 τῷ
1627 650 1770 695 παρόντι

256 717 351 764 λόγῳ
381 717 445 761 οὐχ
475 714 592 750 οὕτως·
622 716 640 748 ὁ
669 712 716 749 εἷς
739 715 805 760 γὰρ
836 717 903 748 τῶν
935 716 1046 758 νόμων
1073 715 1348 759 παραβέβασται,
1374 716 1392 747 ὁ
1419 715 1531 760 λέγων
1556 714 1616 756 τὴν
1640 713 1771 757 βουλὴν

257 780 318 824 τὴν
343 780 387 824 μὴ
415 778 612 823 ποιήσασαν
637 780 697 813 τὰς
721 777 866 823 τριήρεις
898 777 943 821 μὴ
973 778 1078 811 αἰτεῖν
1100 778 1236 822 δωρεάν.
1266 780 1366 811 τοῦτο
1397 778 1433 811 δέ
1463 778 1522 811 οὐκ
1546 776 1632 811 ἴδιον
1659 791 1769 822 πραγ-
1783 790 1824 812 20

257 846 396 889 ματικῆς
419 851 439 870 U
451 845 511 887 τῆς
529 844 614 888 πρὸς
631 842 834 886 ἀντινομίαν,
853 842 945 876 ἀλλὰ
963 843 1065 886 μόνης
1083 842 1286 885 ἀντινομῖας.

311 907 443 942 Ἰστέον
463 908 499 941 δέ
519 906 584 949 ὅτι,
606 906 700 950 ἡνίκα
719 904 780 940 δύο
800 901 866 939 αἷσι
885 905 1077 951 κατήγοροι,
1100 902 1145 939 ὧν
1165 907 1182 938 ὁ
1201 907 1263 949 μὲν
1282 903 1329 941 εἷς
1348 912 1365 928 ¹
1379 907 1551 951 νεώτερος,
1570 907 1588 938 ὁ
1608 906 1645 939 δέ
1664 905 1777 951 ἕτερος

260 971 509 1019 πρεσβύτερος,
543 970 641 1006 οὗτος
673 971 840 1015 λαμβάνει
873 970 933 1014 τὴν
965 970 1203 1015 πρωτολογίαν
1228 971 1311 1003 κατὰ
1340 970 1450 1013 τιμὴν,
1485 969 1602 1015 ὥσπερ
1636 970 1688 1004 καὶ
1722 970 1774 1004 ε’ν-

262 1037 370 1073 raven
399 1038 416 1070 ὁ
449 1034 632 1079 Εὐκτήμων
662 1036 768 1076 ἔλαβε
805 1035 866 1078 τὴν
902 1035 1142 1080 πρωτολογὶαν
1175 1034 1219 1070 ὡς
1261 1033 1508 1080 πρεσβύτερος,
1541 1035 1593 1068 καὶ
1626 1031 1699 1068 εἶπε
1735 1034 1826 1074 niv-5

262 1101 424 1148 προοίμια
451 1102 504 1134 καὶ
529 1100 589 1143 τὴν
615 1101 826 1133 κατάστασιν
846 1100 898 1133 καὶ
923 1100 1024 1145 μέρος
1053 1113 1086 1133 τι
1116 1103 1179 1133 τῶν
1198 1099 1347 1144 ἀγώνων.
1378 1100 1396 1132 ὁ
1422 1099 1458 1132 δέ
1482 1100 1663 1144 Διόδωρος,
1685 1099 1775 1132 ἰδιώ-

263 1180 324 1209 της
349 1165 404 1205 ὢν,
430 1165 556 1204 ἔλαβεν
580 1163 647 1196 ἀπὸ
673 1165 735 1197 τοῦ
763 1163 1002 1207 Δημοσθένους
1032 1164 1091 1197 τὸν
1117 1165 1267 1209 παρόντα
1294 1165 1411 1209 λόγον.
1442 1164 1495 1197 καὶ
1518 1165 1595 1197 ἔστι
1625 1164 1780 1208 δευτερο-

265 1227 378 1275 λογῖα,
399 1229 469 1273 ἔχει
489 1228 525 1261 δὲ
544 1224 565 1260 ἃ
583 1226 772 1272 παρέλιπεν
792 1227 810 1260 ὁ
830 1226 1022 1270 Εὐκτήμων.

259 1311 493 1387 ”ΟΠΕΡ
525 1331 799 1395 Εὐκτήμων,
826 1330 862 1381 ὦ
888 1331 1051 1397 ἄνδρες
1076 1338 1094 1367 Y
1111 1334 1342 1394 δικασταὶ,
1369 1332 1533 1383 παθὼν
1560 1333 1634 1383 ὑπ’
1660 1333 1778 1383 Ἀν-
1791 1351 1873 1395 593

271 1417 517 1484 δροτίωνος
556 1420 706 1469 κακῶς
745 1414 842 1478 ἅμα
875 1419 933 1482 τῇ
963 1423 1043 1465 Ζτε
1081 1415 1220 1466 πόλει
1255 1420 1446 1479 βοηθεῖν
1478 1416 1655 1466 ἃοῖεται
1691 1419 1784 1466 δεῖν

273 1504 348 1552 καὶ
399 1502 529 1565 δίκην
580 1499 694 1566 ὑπὲρ
738 1502 879 1550 αὑτοῦ
923 1504 1103 1562 λαβεῖν,
1149 1504 1287 1549 τοῦτο
1328 1499 1459 1565 κάγὼ
1498 1499 1785 1565 πειράσομαι

275 1591 434 1648 ποιεῖν,
477 1584 555 1635 ἐὰν
596 1585 687 1649 ἄρα
728 1583 821 1637 οἶός
864 1607 913 1634 τε
955 1581 1008 1633 ὦ.
1066 1583 1341 1647 συμβέβηκε
1381 1583 1429 1633 δὲ
1470 1582 1669 1634 ι’πολλοὶ
1711 1584 1816 1642 καὶ5

278 1668 404 1719 δεινὰ
430 1671 529 1718 οκαὶ
551 1668 680 1734 παρὰ
705 1667 886 1722 πάντας
920 1666 1027 1721 τοὺς
1066 1668 1232 1730 νόμους
1259 1665 1586 1731 (ὶΕὐκτήμονος
1613 1669 1783 1733 ὑβρισ-

279 1754 418 1816 μένου
452 1752 637 1803 ἐλάττω
676 1754 801 1803 ταῦτ’
831 1750 944 1802 εἶναι
982 1757 1075 1803 τῶν
1109 1754 1209 1815 ἐμοὶ
1238 1751 1559 1817 γεγενημένων
1586 1752 1640 1802 δι’
1671 1755 1784 1801 ’Av-

243 1839 526 1904 2Bpo‘rc'wv05*
569 1836 879 1904 πραγμάτων.
924 1837 1055 1889 οὗτος
1098 1836 1206 1899 Εμέν
1251 1858 1304 1901 γε
1349 1839 1410 1889 εἷς
1451 1835 1670 1902 χρήματα
1716 1836 1791 1885 καὶ

280 1920 334 1972 τὸ
371 1927 482 1987 παρ’
512 1924 640 1985 ὑμῶν
672 1921 840 1974 ἀδίκως
877 1923 1090 1972 ἐκπεσεῖν
1124 1920 1454 1983 ἐπεβουλεύθη·
1495 1919 1573 1982 ἐμὲ
1614 1919 1661 1969 δὲ
1696 1919 1789 1968 οὐδ’

281 2006 339 2056 ἂν
364 2006 552 2074 ἐδέξατο
577 2010 671 2056 τῶν
693 2005 840 2055 ὅντων
860 2005 1119 2071 ἀνθρώπων
1143 2003 1268 2054 ἷοὺδὲ
1294 2003 1368 2066 εἷς,
1389 2008 1426 2053 εἰ
1451 2002 1511 2053 τὰ
1536 2025 1792 2053 κατασκευ-
1808 2023 1846 2044 10

282 2090 490 2140 ασθέντα
529 2089 619 2140 ὑπὸ
657 2089 822 2139 τούτου
863 2090 970 2155 παρ’
1014 2090 1120 2151 ὑμῖν
1165 2086 1427 2151 ἐπιστεύθη.
1468 2087 1797 2151 αἰτιασάμενος

283 2171 376 2238 γάρ
402 2195 459 2235 με
486 2172 516 2222 ἃ
550 2175 623 2222 καὶ
659 2172 814 2237 λέγειν
850 2171 907 2222 ἂν
942 2171 1159 2235 ὀκνήσειέ
1186 2194 1268 2233 τις,
1296 2175 1332 2220 εἱ
1366 2170 1430 2234 μὴ
1466 2171 1598 2237 τύχοι
1636 2193 1791 2236 προσ-

286 2255 442 2319 όμοιος
487 2253 550 2305 ὧν
593 2255 793 2324 ἕτούτῳ,
834 2255 917 2305 τὸν
959 2254 1138 2319 πατέρα
1182 2257 1243 2307 ὡς
1294 2254 1525 2305 ἀπέκτονα
1575 2253 1666 2319 ἐγὼ
1716 2253 1798 2304 τὸν

248 2362 272 2403 3
287 2340 500 2399 ἐμαυτοῦ,
543 2336 564 2363 h

577 2340 651 2388 καὶ
695 2337 1054 2390 κατασκευάσας
1099 2338 1316 2397 ἀσεβείας
1361 2336 1553 2405 γραφὴν
1595 2339 1676 2387 οὐκ
1726 2338 1850 2389 ἐτι-’15

289 2419 380 2484 ἐμὲ,
407 2422 515 2470 ἀλλ’
543 2422 616 2471 ἐπὶ
655 2419 736 2471 τὸν
770 2420 892 2471 θεῖόν
929 2444 1032 2484 μου,
1068 2420 1263 2489 γράψας
1297 2424 1488 2482 ἀσεβεῖν
1526 2423 1625 2484 ἐμοὶ
1662 2444 1796 2472 συνι-

291 2503 403 2555 όντα
441 2509 502 2558 εἰς
541 2504 699 2555 ιταὺτὸ
742 2507 804 2558 ὡς
846 2505 1117 2570 πεποιηκότι
1151 2512 1331 2568 Ιταῦτα,
1377 2511 1439 2560 εἱς
1478 2510 1640 2571 ἀγῶνα
1684 2529 1799 2556 κατ-

347 2664 361 2689 t
380 2665 566 2711 ἀνενεγκεῖν
585 2667 742 2701 additum
763 2667 797 2700 in
819 2668 951 2702 eadem.
1081 2674 1100 2693 1¹
1121 2670 1179 2711 τῆς
1199 2669 1355 2703 additum
1376 2669 1411 2703 in
1433 2670 1486 2703 ed.
1509 2670 1618 2704 Paris.
1640 2682 1670 2703 a.
1695 2678 1804 2717 1570.

295 2724 311 2740 Χ
334 2719 504 2763 νεώτερος,
526 2720 543 2751 ὁ
564 2719 598 2753 δέ
621 2719 732 2765 ἕτερος
752 2721 870 2754 addita
890 2722 925 2754 iu
946 2722 1078 2755 eadem.
1163 2728 1180 2755 Υ
1201 2723 1356 2756 δικασταὶ
1377 2735 1445 2756 om.
1462 2724 1497 2756 k.
1583 2728 1599 2747 ²
1620 2738 1656 2756 τε
1673 2736 1741 2758 om.
1759 2723 1804 2758 Ο.

295 2776 314 2795 a
334 2771 456 2817 οἴεται]
482 2771 565 2819 ᾤετο
585 2773 665 2806 A.k.
789 2770 808 2797 b
828 2776 941 2807 πολλὰ
962 2782 1061 2809 om.t.
1184 2781 1200 2800 ⁰
1219 2777 1271 2809 καὶ
1291 2788 1360 2809 om.
1383 2788 1411 2809 s.
1534 2772 1552 2800 d
1573 2776 1802 2823 Εὐκτήμονος]

296 2824 503 2867 εὐκτήμωνος
524 2826 559 2859 k.
655 2831 670 2850 e
690 2828 751 2870 μέν
770 2827 827 2872 γε]
851 2828 912 2870 μὲν
932 2829 996 2872 γὰρ
1018 2828 1140 2863 Y.O.s.
1162 2834 1196 2862 et
1215 2843 1269 2874 γρ.
1294 2829 1331 2862 F.
1420 2826 1435 2852 f
1452 2829 1528 2862 οὐδὲ
1549 2826 1611 2874 εἷς]
1635 2830 1743 2865 οὐδεὶς
1764 2832 1805 2865 Α.

296 2883 312 2905 g
330 2877 457 2924 τούτῳ]
483 2877 604 2911 τούτου
622 2891 652 2914 r.
792 2878 806 2899 ¹*
828 2881 879 2913 καὶ
899 2893 969 2914 0111.
994 2881 1037 2914 Ο.
1177 2878 1186 2906 ἰ
1207 2882 1308 2915 ταύτὸ
1329 2882 1536 2917 F.S.Y.O.v.
1587 2882 1809 2918 Scribebatur

296 2931 430 2964 ταύτόν.
537 2928 549 2964 j
571 2930 694 2979 ταῦτα]
714 2933 819 2966 ταυτίι
840 2940 1015 2968 correctus
1036 2934 1071 2968 S,
1101 2935 1209 2969 πάντα
1229 2935 1265 2969 k.
