1954 3273
222 196 306 238 578
764 197 1193 236 ΔΗΜΟΣΘΕΝΟΎΣ
1344 194 1427 235 On.
1450 181 1653 249 XX1.pL
1669 203 1769 248 550,
1786 210 1863 235 ⁵-

220 307 285 358 ὧν
321 306 381 358 ἀν
418 306 437 334 b
453 306 662 371 ἀκούητε,
701 308 824 358 τοῦθ’
867 307 1114 361 ὑποθέντες
1151 305 1338 357 ἀκούετε
1378 310 1436 373 τῇ
1473 306 1653 373 γνώμῃ,
1691 307 1740 357 τί
1749 326 1767 358 5

219 390 291 453 ἂν,
327 390 368 440 εἴ
400 413 469 443 τις
507 390 688 457 ε”πασχε
727 391 884 440 Οταῦθ
924 391 1066 453 ὑμῶν,
1101 390 1255 451 ἐποίει,
1295 390 1370 439 καὶ
1407 389 1490 439 τίν’
1522 387 1580 438 ἂν
1618 386 1738 454 εἶχεν

125 491 206 530 140
219 473 366 540 ὀργὴν
396 472 510 539 ὑπὲρ
538 475 678 524 αὑτοῦ
712 471 830 538 πρὸς
863 471 946 522 τὸν
979 478 1217 523 ποιοῦντα.
1273 471 1364 537 ἐγὼ
1390 470 1483 537 γὰρ
1511 470 1739 538 ἐνηνοχὼς

217 561 438 624 χαλεπῶς
463 557 535 625 ἐφ’
558 555 624 609 οἷς
649 558 753 622 περὶ
779 554 864 618 τὴν
891 556 1185 621 λειτουργίαν
1208 556 1456 620 ὑβρίσθην,
1478 554 1543 605 ἔτι
1568 559 1740 622 πολλῷ

217 640 562 707 χαλεπώτερον,
583 636 620 688 (ἶ)
647 638 810 703 ἄνδρες
830 639 1087 702 Ἀθηναῖοι,
1109 637 1290 691 τούτοις
1310 636 1430 691 (Ῑτοῖς
1456 636 1574 700 μετὰ
1591 643 1739 688 ταῦτα
1754 662 1792 684 10

218 722 416 789 ἐνήνοχα
461 723 537 772 καὶ
581 726 772 785 μᾶλλον
810 719 1160 786 εήγανάκτηκα.
1226 721 1275 771 τί
1314 720 1406 787 γὰρ
1447 723 1508 773 ὡς
1551 723 1741 784 ἀληθῶς

989 802 1179 857 ἱκακίας
1225 806 1299 855 καὶ
1345 804 1427 853 τίν’
1470 802 1741 868 ὑπερβολὴν

217 806 361 871 πέρας
407 804 463 855 ἂν
506 804 681 874 φήσειέ
718 827 787 857 τις
831 802 946 854 εἶναι

218 891 449 942 ἀναιδείας
476 891 550 939 καὶ
583 888 820 952 ὠμότητος
853 890 928 939 καὶ
966 889 1157 954 ὕβρεως,
1185 887 1432 953 ἅνθρωπος
1466 892 1503 938 εἰ
1538 886 1742 950 ποιήσας

128 991 199 1030 141
219 971 379 1024 ἕδεινά
419 971 473 1036 νὴ
512 973 607 1022 Δία
645 973 721 1022 καὶ
758 970 925 1022 πολλὰ
962 972 1130 1024 ἀδίκως
1164 969 1316 1032 11τινὰ,
1351 971 1453 1020 ἀντὶ
1490 975 1573 1020 τοῦ
1611 970 1738 1020 ταῦτ’

218 1055 573 1120 ἀναλαμβάνειν
636 1058 712 1106 καὶ
774 1055 1190 1120 μεταγιγνώσκειν,
1243 1053 1443 1123 ἰπολλῷ
1507 1051 1763 1119 δεινότεραι
1773 1078 1790 1111 5

218 1140 238 1167 k
257 1142 455 1207 ὕστερον
482 1141 614 1190 ἄλλα
645 1138 1085 1207 προσεξεργάζοιτο,
1113 1140 1188 1188 καὶ
1222 1141 1378 1207 χρῷτο
1415 1141 1481 1206 τῷ
1516 1142 1740 1187 πλουτεῖν

217 1224 282 1288 μὴ
318 1226 392 1275 ἐπὶ
429 1229 590 1285 ταῦτα,
626 1225 674 1273 ἐν
709 1221 775 1276 οἶς
813 1221 988 1287 μηδένα
1023 1220 1258 1283 βλάπτων
1296 1219 1434 1274 αὐτὸς
1473 1219 1661 1283 ἄμεινόν
1695 1242 1739 1270 τι

215 1313 310 1359 τῶν
346 1309 472 1358 ἰδίων
506 1307 715 1370 θήσεται,
744 1308 852 1357 ἀλλ’
881 1308 954 1357 ἐπὶ
989 1307 1224 1367 τάναντία,
1252 1308 1300 1356 ἐν
1335 1304 1401 1359 οἷς
1437 1306 1605 1358 ἀδίκως
1637 1303 1732 1355 Ῑέκκ

217 1391 385 1454 βαλών
413 1414 515 1441 τινα
547 1392 621 1440 καὶ
653 1390 1020 1456 προπηλακίσας
1052 1388 1194 1440 αὑτὸν
1224 1390 1502 1452 εὐδαιμονιεῖ
1531 1391 1614 1452 τῆς
1647 1411 1731 1439 πε-
1750 1411 1792 1433 20

126 1496 204 1536 142
216 1477 459 1542 ριουσίας;
500 1481 649 1524 ταῦτα
673 1475 841 1536 τοίνυν,
869 1471 905 1523 ὦ
931 1473 1094 1539 ἄνδρες
1119 1474 1374 1536 Ἀθηναῖοι,
1399 1471 1556 1523 πάντα
1588 1471 1738 1541 τούτῳ

217 1559 480 1624 πέπρακται
520 1560 618 1608 κατ’
653 1561 780 1620 ἐμοῦ,
843 1559 918 1607 καὶ
957 1557 1050 1622 γὰρ
1089 1557 1241 1607 αἰτίαν
1279 1556 1492 1621 ἐπήγαγέ
1524 1579 1603 1619 μοι
1643 1555 1732 1624 φό-

218 1665 299 1693 νου
325 1644 478 1710 ψευδῆ
513 1644 587 1691 καὶ
613 1639 785 1691 111οὐδὲν
821 1642 920 1703 ἐμοὶ
955 1638 1311 1705 προσήκουσαν,
1340 1641 1401 1692 ὡς
1428 1638 1512 1689 Πτὸ
1541 1643 1741 1704 πρᾶγμα

217 1724 330 1776 αὐτὸ
381 1724 608 1788 ἐδήλωσε,
659 1725 734 1774 καὶ
788 1721 980 1791 γραφὴν
1037 1723 1316 1791 λιποταξίου
1375 1745 1432 1785 με
1491 1722 1738 1790 ἐγράψατο

216 1813 338 1874 τρεῖς
373 1807 510 1861 αὐτὸς
550 1807 704 1875 τάξεις
745 1805 990 1869 λελοιπώς,
1028 1809 1103 1857 καὶ
1142 1811 1236 1857 τῶν
1274 1809 1322 1857 ἐν
1361 1808 1541 1875 Εὐβοίᾳ
1576 1805 1732 1873 πράγ-
1751 1834 1789 1864 25

215 1894 378 1958 μάτων
419 1895 458 1957 (⁰
475 1895 601 1943 τουτὶ
645 1892 738 1958 γὰρ
780 1893 874 1942 Ραῦ
918 1897 1084 1957 μικροῦ
1128 1892 1351 1957 παρῆλθέ
1388 1915 1444 1955 με
1489 1896 1668 1962 εἰπεῖν),
1708 1890 1738 1942 ἃ

219 1978 533 2044 Πλούταρχος
561 1978 585 2026 ὁ
611 1976 777 2026 τούτου
804 1976 936 2044 ξένος
964 1978 1038 2025 καὶ
1067 1976 1208 2044 φίλος
1235 1974 1533 2043 διεπράξατο,
1560 1978 1621 2029 ὡς
1647 1974 1740 2041 ε’γῶ

217 2061 361 2116 α’ίτιός
406 2066 510 2124 εἶμι,
549 2067 566 2095 ‘¹
584 2058 887 2124 κατεσκεύαζε
931 2057 1024 2124 πρὸ
1063 2064 1145 2109 τοῦ
1190 2058 1244 2108 τὸ
1282 2063 1480 2124 πρᾶγμα
1519 2059 1739 2123 γενέσθαι

126 2166 202 2208 ¹43
217 2150 339 2196 πᾶσι
397 2141 601 2210 φανερὸν
658 2141 733 2192 διὰ
786 2140 1103 2207 Πλουτάρχου
1158 2141 1366 2205 γεγονός.
1440 2143 1515 2191 καὶ
1571 2148 1734 2192 τελευ-
1749 2162 1829 2207 551

217 2232 312 2279 τῶν
355 2225 599 2288 βουλεύειν
649 2247 740 2287 μου
789 2222 1020 2290 λαχόντος
1064 2222 1454 2288 Γδοκιμαζομένου
1495 2224 1735 2289 Ξκατηγό-

216 2333 297 2376 ρει,
342 2313 415 2360 καὶ
460 2308 513 2359 τὸ
558 2312 756 2373 πρᾶγμα
803 2311 864 2360 εἷς
909 2307 1174 2371 ὑπέρδεινόν
1217 2330 1294 2369 μοι
1339 2308 1581 2374 περιέστη·
1635 2310 1738 2358 ἀντὶ

217 2394 311 2459 γὰρ
369 2398 451 2443 τοῦ
509 2392 639 2454 δίκην
690 2389 834 2457 ῑὺπὲρ
892 2388 956 2441 ὧν
1013 2389 1283 2441 ἐπεπόνθειν
1346 2397 1526 2453 λαβεῖν,
1579 2395 1738 2442 δοῦναι

271 2565 290 2593 b
309 2565 449 2610 ἀκούητε
471 2567 509 2599 F.
539 2564 682 2608 ἅκούητέ
699 2580 764 2609 μου
786 2566 896 2600 A.k.1'.
926 2564 1092 2609 ἀκούσητε
1112 2566 1230 2612 vulgo.
1326 2572 1341 2590 C
1360 2565 1454 2600 ταῦθ’
1472 2565 1735 2601 A.P.S.Y.O.k.

215 2634 277 2656 128.
309 2619 435 2654 τοιαῦθ’
457 2620 574 2664 vulgo,
673 2625 687 2640 ⁴²
709 2618 795 2664 τοῖς]
820 2616 869 2654 οἷς
888 2625 1063 2653 correctus
1085 2619 1130 2654 Ο.
1234 2625 1249 2643 ‘³
1270 2617 1496 2664 ἠγανάκτηκα]
1520 2617 1737 2664 ἠγανάκτησα

215 2675 327 2709 A.k.1-.
351 2680 385 2707 et
406 2685 575 2718 superscr.
598 2684 617 2705 a
638 2683 684 2706 m.
707 2684 774 2705 ree.
797 2672 839 2706 B.
922 2669 937 2696 f
954 2672 1066 2707 κακίας
1086 2671 1156 2718 καὶ]
1181 2672 1293 2707 κακίας
1313 2671 1330 2715 ἦ
1351 2673 1403 2706 καὶ
1425 2672 1529 2706 F.t.v.
1604 2677 1625 2705 g
1645 2672 1736 2705 δεινὰ

216 2728 254 2771 νὴ
276 2726 356 2772 Δία]
383 2727 420 2770 νὴ
440 2725 495 2759 διά
515 2725 605 2758 δεινὰ
626 2725 736 2758 A.k.r.
821 2723 839 2749 ἢ
860 2726 934 2758 τινὰ
954 2738 1023 2759 om.
1047 2726 1081 2759 S.
1170 2722 1179 2749 i
1200 2727 1321 2772 πολλῷ
1343 2726 1377 2759 S.
1407 2726 1456 2759 ἔτι
1476 2726 1597 2772 πολλῷ
1617 2725 1734 2770 vulgo.

217 2778 233 2801 ¹⁴
255 2779 401 2825 ὕστερον
421 2792 490 2813 om.
515 2779 617 2812 F.t.v.
640 2790 659 2811 a
680 2790 725 2811 m.
747 2790 815 2812 rec.
839 2779 1113 2824 superscriptum
1133 2779 1239 2812 habet
1261 2779 1302 2813 B.
1457 2775 1467 2803 l
1486 2777 1656 2823 ἐκβαλών]
1682 2777 1734 2811 ἐκ-

215 2835 358 2875 βάλλων
379 2833 414 2867 S.
504 2838 533 2855 ¹¹¹
555 2830 670 2875 οὐδὲν]
695 2831 771 2865 οὐδὲ
793 2844 819 2865 l'.
920 2837 934 2852 ¹¹
956 2833 994 2865 τὸ
1015 2833 1153 2877 πρᾶγμα
1172 2832 1274 2878 αὐτὸ]
1300 2831 1382 2865 αὐτὸ
1403 2832 1441 2864 τὸ
1462 2833 1600 2876 πρᾶγμα
1620 2831 1734 2865 A.k.r.

218 2893 236 2912 0
255 2888 350 2920 τουτὶ
372 2886 408 2920 S.
442 2887 542 2919 τοῦτο
563 2885 679 2929 vulgo.
792 2890 810 2917 Γ·
830 2883 870 2918 αὖ
890 2897 959 2918 om.
982 2886 1092 2919 A.k.r.
1204 2892 1222 2918 (l
1244 2883 1481 2930 κατεσκεύαζε]
1507 2882 1736 2918 κατεσκεύασε

217 2940 329 2974 A.k.r.
448 2945 462 2963 Γ
483 2936 759 2982 δοκιμαζομένου]
785 2938 837 2971 καὶ
856 2938 1116 2981 δοκιμαζομένου
1136 2939 1251 2973 A.k.1·.
1377 2942 1392 2962 ⁵
1411 2937 1607 2984 κατηγόρει]
1632 2950 1731 2980 κατη-

217 2995 313 3039 γορεῖ
334 2993 373 3028 F.
485 2991 499 3016 t
522 2991 604 3036 ὑπὲρ
624 2991 782 3025 additum
802 3003 844 3025 ex
867 2991 1069 3026 P.S.Y.O.s.

1932 423 1954 598 ‚omit
1943 321 1954 337 ¹.
1938 298 1944 303 '
