1954 3273
97 146 204 188 —61
216 158 252 197 Ι,
267 159 317 186 16.
686 147 830 187 ΚΑΤΑ
862 144 1274 184 ΑΝΔΡΟΤΙΩΝΟΣ.
1649 138 1729 180 641

219 258 379 326 καιρὸν
413 257 538 310 ὥστε
571 257 774 324 βαδίζειν
808 259 880 309 ἐπ’
917 257 1060 310 οἰκίας
1099 258 1174 306 καὶ
1214 254 1359 318 σκεύη
1399 253 1556 321 φέρειν
1590 253 1733 316 μηδὲν

152 358 206 400 70
219 341 508 408 ὀφειλόντων
545 341 821 408 ἀνθρώπων.
863 338 1029 391 πολλὰ
1064 338 1157 405 γὰρ
1193 339 1251 388 ἄν
1288 360 1356 391 τις
1397 337 1485 387 ἰ’δοι
1519 336 1732 390 πολλοὺς

217 426 499 489 ἐπιτηδείους
547 434 576 453 ¹¹¹
594 424 732 478 ὄντας
775 431 795 450 ¹¹
815 423 1019 490 πάσχειν
1064 425 1139 473 καὶ
1182 421 1477 473 πεπονθέναι.
1523 422 1633 471 ἀλλ’
1678 422 1731 470 οὐ
1744 437 1782 468 ²5

214 515 362 560 ταῦτα
400 511 626 574 λέγουσιν
665 513 707 560 οἱ
745 506 877 572 νόμοι
914 507 1018 558 οὐδὲ
1052 506 1111 557 τὰ
1144 509 1226 569 τῆς
1258 505 1498 558 πολιτείας
1532 505 1628 568 ἔθη,
1668 502 1732 554 οᾶ

215 594 482 660 φυλακτέον
521 603 539 631 Ρ
559 595 681 656 ὑμῖν
723 593 832 642 ἀλλ’
874 592 1054 642 ἔνεστιν
1093 591 1235 653 ἕλεος,
1272 589 1550 655 συγγνώμη,
1589 588 1727 639 πάνθ’

150 676 333 737 71Ἷὸσα
369 676 597 743 προσήκει
635 681 730 730 τοῖς
768 676 1038 742 ἐλευθέροις.
1081 674 1145 726 ὧν
1180 675 1313 728 οὗτος
1352 673 1573 725 ἁπάντων
1612 672 1730 724 εἰκό-

212 783 303 815 τως
342 762 395 811 οὑ
433 760 613 828 μετέχει
652 764 710 827 τῇ
753 760 897 828 φύσει
941 760 1043 811 οὐδὲ
1084 764 1141 827 τῇ
1181 761 1377 828 παιδείᾳ·
1432 757 1598 809 πολλὰ
1633 757 1727 824 γὰρ

213 845 434 910 ὕβρισται
496 847 571 895 καὶ
621 845 1067 911 προπεπηλάκισται
1118 843 1276 894 συνὼν
1336 844 1417 893 οὐκ
1474 845 1726 907 ἀγαπῶσιν
1740 845 1822 885 611

212 928 399 979 Γὲαυτὸν
437 929 712 994 ἀνθρώποις,
753 927 882 979 ἀλλὰ
921 932 1079 979 δοῦναι
1121 927 1296 992 μισθὸν
1342 927 1623 990 δυναμένοις·
1663 924 1727 976 ὧν

212 1011 451 1077 Βπροσῆκέ
470 1034 551 1062 σοι
575 1011 660 1075 τὴν
687 1011 834 1078 ὀργὴν
860 1013 942 1062 οὐκ
968 1017 1030 1065 εἷς
1061 1016 1154 1063 τῶν
1179 1015 1390 1062 πολιτῶν
1416 1010 1497 1061 τὸν
1524 1010 1729 1077 τυχόντα

210 1095 416 1163 ῑάφιέναι
452 1096 543 1146 οὐδ’
585 1099 648 1148 εὶς
681 1094 765 1149 τὰς
798 1095 1106 1163 ῃὁμοτέχνους
1139 1094 1359 1161 Χπόρνας,
1399 1097 1511 1144 ἀλλ’
1553 1098 1615 1147 εἷς
1647 1092 1729 1144 τὸν

211 1185 377 1230 τοῦτον
402 1179 484 1230 τὸν
510 1179 686 1246 τρόπον
710 1187 729 1214 Υ
740 1203 795 1230 σε
824 1179 1070 1248 θρέψαντα
1094 1179 1286 1246 πατέρα.
1425 1192 1428 1195 ’
1741 1194 1757 1225 5

147 1285 199 1329 72
289 1267 454 1314 Ταῦτα
490 1264 646 1313 τοίνυν
673 1265 734 1316 ὡς
769 1262 853 1325 μὲν
887 1264 939 1313 οὐ
974 1262 1099 1313 δεινὰ
1130 1265 1205 1313 καὶ
1236 1262 1366 1328 παρὰ
1402 1261 1582 1316 πάντας
1620 1259 1729 1315 τοὺς

213 1347 393 1410 νόμους,
440 1349 525 1415 οὐχ
566 1347 658 1415 ἕξει
697 1348 853 1413 λέγειν
896 1348 1043 1400 οὗτος·
1093 1349 1213 1398 οὕτω
1259 1349 1295 1398 δ’
1337 1349 1499 1398 Ζέστῖν
1538 1345 1728 1410 ἀναιδὴς

460 1429 479 1457 b

211 1429 324 1481 ὥστ’
355 1432 434 1481 ἢέν
495 1435 562 1500 τῷ
587 1430 732 1500 δήμῳ,
759 1430 1071 1497 οπροάγωνας
1096 1433 1163 1481 ἀεὶ
1190 1429 1548 1497 κατασκευάζων
1574 1429 1727 1499 ‘lab-reg>

209 1518 355 1579 τῆσδε
404 1519 486 1579 τῆς
530 1519 732 1584 γραφῆς,
777 1515 956 1579 ἐτόλμα
998 1515 1151 1581 λέγειν
1199 1518 1259 1568 ὡς
1311 1515 1424 1581 ὑπὲρ
1477 1517 1604 1577 ὑμῶν
1650 1516 1726 1581 καὶ

209 1600 263 1648 δι’
307 1600 424 1662 ὑμᾶς
467 1599 658 1666 ἐχθροὺς
702 1601 777 1667 ἐφ’
820 1599 984 1650 ἑαυτὸν
1028 1600 1252 1650 θεῖλκυσε
1295 1601 1371 1649 καὶ
1415 1605 1496 1650 νῦν
1536 1601 1584 1650 ἐν
1629 1604 1778 1653 τοΐςιο

144 1700 194 1744 73
210 1681 427 1749 ἐσχάτοις
465 1684 567 1734 ἐστὶ
594 1684 832 1736 κινδύνοις.
873 1683 964 1749 ἐγὼ
1000 1685 1037 1733 δ’
1067 1685 1185 1747 ὑμῖν,
1213 1681 1249 1733 ὦ
1276 1684 1440 1749 ἄνδρες
1468 1688 1724 1748 Ἀθηναῖοι,

207 1771 444 1831 βούλομαι
469 1768 616 1836 δεῖξαι
651 1773 817 1818 τοῦτον
843 1770 947 1818 οὔτε
971 1767 1240 1819 πεπονθότα
1275 1769 1371 1819 οὐδ’
1400 1770 1555 1819 ὁτιοῦν
1582 1768 1725 1819 κακὸν

207 1852 312 1901 οὔτε
349 1851 590 1912 μέλλοντα
627 1851 834 1919 πάσχειν
871 1852 1001 1902 οὐδὲν
1037 1853 1093 1902 δι’
1121 1850 1185 1902 ὧν
1224 1852 1337 1918 ὑπὲρ
1371 1854 1498 1916 ὑμῶν
1532 1852 1720 1920 ἔπραξε,

630 1933 644 1960 f

207 1933 282 1983 διὰ
317 1934 471 1996 μέντοι
509 1933 595 1998 τὴν
648 1936 788 1986 αὑτοῦ
828 1936 1082 2002 βδελυρίαν
1120 1938 1195 1986 καὶ
1234 1940 1354 1989 θεοῖς
1387 1938 1604 2003 ἕέχθριαν
1638 1959 1770 1997 πε-Ι5

206 2017 414 2068 πονθότα
445 2017 529 2081 μὲν
563 2019 698 2085 μέχρι
732 2018 905 2082 11τῆσδε
940 2022 1021 2083 τῆς
1060 2019 1232 2085 ἡμέρας
1264 2019 1408 2082 οὐδὲν,
1440 2019 1721 2083 πεισόμενον

260 2157 290 2176 m
311 2150 410 2187 ὄντας
429 2163 498 2186 om.
521 2151 715 2187 S.Y.O.r.s.
846 2157 865 2176 Π
885 2151 1050 2197 πάσχειν]
1075 2152 1194 2186 παθεῖν
1213 2153 1295 2186 A.k.
1429 2159 1447 2178 0
1467 2153 1488 2187 ἃ
1507 2166 1578 2188 om.
1600 2166 1652 2199 pr.
1674 2154 1718 2189 Y.

205 2210 225 2237 P
247 2204 339 2251 ὑμῖν]
365 2205 441 2248 ἡμῖν
460 2218 489 2239 r.
513 2211 547 2239 et
566 2217 619 2250 pr.
644 2205 680 2240 S.
793 2210 812 2238 q
833 2205 915 2251 ὅσα]
940 2205 961 2238 ἃ
979 2206 1097 2240 A.k.v.
1208 2212 1223 2230 Γ
1250 2206 1368 2240 ἑαυτὸν
1390 2206 1585 2243 S.Y.O.r.s.
1615 2208 1718 2241 αὐτὸν

204 2258 322 2303 vulgo.
459 2264 473 2283 S
493 2258 662 2304 προσῆκέ]
686 2257 850 2304 προσήκει
869 2259 949 2293 A.k.
1090 2257 1105 2283 t
1121 2258 1274 2306 ἀφιέναι]
1299 2259 1435 2304 ἀφεῖναι
1454 2261 1534 2295 A.k.
1556 2266 1590 2294 et
1609 2275 1664 2306 γρ.
1686 2273 1715 2296 r.

207 2317 227 2336 U
248 2310 467 2357 ὁμοτέχνους]
491 2313 676 2356 ὁμοτέχνας
694 2317 720 2346 t.
877 2317 896 2336 Χ
924 2313 1050 2357 πόρνας
1071 2312 1234 2347 S.Y.O.s.
1282 2313 1482 2359 Legebatur
1502 2328 1560 2347 σοι
1579 2316 1716 2360 πόρνας.

204 2369 224 2396 Y
244 2377 285 2397 σε
305 2365 481 2409 θρέψαντα
508 2364 671 2400 S.Y.O.S.
720 2365 920 2410 Legebatur
948 2365 1126 2410 θρέψαντά
1155 2380 1206 2400 σε.
1236 2370 1365 2412 πατέρα
1392 2367 1429 2401 in
1457 2382 1513 2413 γρ.
1543 2368 1650 2401 habet
1680 2368 1715 2402 S.

205 2421 224 2440 Ζ
244 2417 340 2450 ἐστὶν
358 2417 507 2463 ἀναιδὴς]
531 2417 666 2461 ἀναιδής
685 2418 781 2451 ἐστιν
801 2419 881 2452 A.k.
967 2424 985 2443 a
1004 2419 1056 2464 ε’ν]
1082 2420 1121 2453 οὗ
1140 2425 1166 2453 t.
1261 2418 1277 2441 b
1296 2423 1343 2467 τῷ
1360 2433 1429 2455 om.
1449 2426 1510 2456 t.V.
1595 2427 1611 2446 ⁰
1629 2435 1712 2466 προ-

204 2469 349 2515 άγωνας]
372 2473 569 2515 προαγῶνας
590 2470 781 2505 S.Y.O.s.t.
924 2468 943 2495 d
962 2472 1052 2519 αὐτῷ
1072 2473 1106 2506 S.
1137 2474 1243 2520 ἑαυτῷ
1260 2474 1379 2519 vulgo.
1518 2479 1534 2498 e
1554 2471 1711 2521 εἵλκυσε]

203 2520 336 2556 εἵλκυκε
356 2523 460 2557 F.t.v.
560 2521 576 2548 f
591 2524 711 2569 αὑτοῦ]
736 2525 855 2557 ἑαυτοῦ
874 2525 917 2558 Α.
949 2525 1052 2558 αὐτοῦ
1072 2526 1191 2571 vulgo.
1291 2532 1312 2559 g
1331 2527 1470 2572 ἐχθρίαν
1491 2528 1558 2562 S.r.
1589 2528 1716 2572 ἐχθρὰν

203 2575 480 2620 αἰσχροκέρδειαν
497 2577 615 2622 vulgo.
646 2577 741 2622 quod
759 2577 1010 2623 interpolatum
1029 2584 1082 2612 est
1101 2591 1145 2613 ex
1163 2579 1320 2613 oratione
1332 2580 1552 2614 Timocratea
1570 2593 1604 2626 p.
1625 2580 1713 2626 761.

203 2628 269 2661 ubi'
282 2629 357 2662 haec
375 2629 552 2674 leguntur,
573 2630 730 2673 οὐδεμίαν
743 2631 809 2675 γὰρ
824 2629 864 2664 ἂν
883 2631 988 2664 εἰπεῖν
1007 2632 1097 2676 ἔχοις
1115 2631 1226 2676 ἄλλην
1244 2634 1422 2678 πρόφασιν
1441 2633 1483 2668 δι’
1499 2633 1538 2677 ἣν
1556 2637 1714 2668 τοιοῦτον

202 2680 349 2725 ἐπήρθης
367 2681 567 2727 εἰσενεγκεῖν
584 2684 688 2726 νόμον
705 2682 724 2726 ἢ
744 2684 804 2726 τὴν
824 2686 970 2717 σεαυτοῦ
989 2686 1077 2720 θεοῖς
1103 2685 1228 2730 ἐχθρὰν
1246 2687 1536 2731 αἰσχροκέρδειαν·
1568 2687 1711 2732 quibus-

203 2745 283 2767 cum
303 2736 556 2779 comparandus
575 2736 711 2776 tertius,
733 2736 793 2781 qui
819 2737 894 2782 ipse
918 2749 1057 2783 quoque
1086 2739 1282 2773 simillimus
1301 2740 1351 2773 illi
1377 2745 1441 2780 est,
1460 2740 1558 2774 loeus
1578 2741 1613 2774 in
1634 2752 1711 2774 ora-

201 2787 298 2820 tione
329 2794 450 2821 contra
479 2789 728 2823 Ariston-ratem
756 2801 790 2834 p.
813 2788 901 2836 687,
930 2801 990 2825 21.
1024 2791 1112 2827 θεοῖς
1142 2793 1273 2837 ἐχθρῶν
1299 2792 1451 2838 ῥητόρων
1476 2794 1650 2838 πονηρίαν,
1679 2791 1712 2827 οἳ

201 2839 374 2881 τοσαύτην
394 2840 586 2885 ὑπερβολὴν
604 2843 800 2884 πεποίηνται
818 2844 877 2886 τῆς
896 2843 1006 2877 αὑτῶν
1019 2845 1306 2890 αἰσχροκερδείας.
1339 2846 1603 2879 substantivum
1623 2847 1712 2882 θεοῖς

202 2892 321 2937 ἐχθρία
343 2898 438 2935 (nam
458 2894 561 2927 unius
589 2894 698 2928 instar
726 2896 792 2929 hoc
811 2896 971 2930 vocabuli
996 2900 1064 2943 est)
1086 2899 1312 2944 Aristophani
1332 2899 1438 2944 Vesp.
1461 2898 1551 2943 418.
1573 2900 1711 2934 restitui

201 2957 265 2990 pro
285 2947 427 2992 vulgato
446 2947 661 2992 θεοσεχθρία.
773 2946 793 2973 h
812 2950 918 2993 τῆσδε
936 2950 1013 2995 τῆς]
1036 2953 1094 2995 τῆς
1113 2951 1256 2997 τήμερον
1276 2953 1319 2986 A.
1350 2954 1409 2995 τῆς
1428 2951 1577 2997 σήμερον
1596 2954 1631 2988 k.

924 3025 953 3051 Y
977 3024 999 3051 ‘2

585 3086 603 3116 t
