1954 3273
40 183 254 226 —752,28.
626 179 768 216 ΚΑΤΑ
799 178 1204 217 ΤΙΜΟΚΡΑΊῸΎΣ.
1597 176 1678 216 785

74 304 152 344 190
166 285 350 353 φοράς;
400 288 547 338 καίτοι
583 289 626 339 εἴ
659 311 727 342 τις
763 289 931 354 “e'jootr'
960 287 1101 338 αὑτὸν
1134 287 1164 352 ἢ
1198 287 1270 350 σὲ,
1303 286 1340 338 ὦ
1375 288 1773 352 Τιμόκρατες,752

164 368 246 419 τὸν
283 371 525 435 ἐπαινέτην
559 372 770 423 Οτούτων
807 375 883 422 καὶ
921 371 1168 438 συνεργὸν,
1203 371 1286 424 τὰς
1325 370 1553 438 εἰσφορὰς
1588 370 1677 421 πό-

165 475 300 517 τερον
343 452 403 503 τὰ
447 453 662 518 κτήματα
705 453 734 518 ἢ
778 454 837 505 τὰ
880 454 1084 518 σώματα
1126 456 1324 521 ὀφείλει,
1368 453 1428 504 τὰ
1469 453 1684 517 κτήματα

167 536 365 603 φήσαιτ’
405 535 477 600 ἂν,
515 538 641 604 εἴπερ
684 539 840 639 ἀληθῆ
885 538 1040 603 λέγειν
1083 537 1395 598 Ρβούλοισθε·
1450 536 1544 587 ἀπὸ
1589 536 1709 602 γὰρ5

166 619 344 671 τούτων
381 622 673 690 εἰσφέρομεν.
729 644 853 676 τινος
889 623 971 673 οὐν
1005 623 1130 683 ἕνεκ’,
1165 620 1202 672 ὠ
1241 621 1455 672 κάκιστοι
1493 620 1684 672 πάντων

166 705 442 769 ἀνθρώπων,
469 706 666 774 ἀφέντες
691 704 772 757 (1το
799 705 859 757 τὰ
884 706 1033 773 χωρία
1059 705 1270 769 δημεύειν
1302 728 1377 756 και
1409 728 1492 758 τας
1526 705 1684 768 οἰκίας,

166 789 242 837 καὶ
280 793 410 839 ταῦτ’
451 788 758 858 ἀπογράφειν,
799 791 968 839 Γέδεῖτε
1007 791 1082 840 καὶ
1123 788 1329 854 ὑβρίζετε
1366 789 1566 842 πολίτας
1604 790 1684 838 ἀν-

166 870 381 935 θρώπους
415 874 490 922 καὶ
522 870 629 925 τοὺς
662 872 990 938 ταλαιπώρους
1024 872 1277 935 μετοίκους,
1305 871 1371 925 οἷς
1402 872 1684 937 ὑβριστικώ-

166 973 302 1016 τερον
327 953 476 1015 Ξὺμεῖς
508 952 536 1016 ὴ
569 958 665 1006 τοῖς
699 952 890 1006 οἰκέταις
917 953 1036 1005 ἵτοῖς
1072 953 1304 1018 ὑμετέροις
1330 952 1482 1002 αὐτῶν
1509 954 1677 1018 11ε’χρῆω
1700 977 1736 998 10

75 1056 148 1096 191
168 1037 291 1096 σθε;
342 1037 417 1085 καὶ
453 1034 547 1099 μὴν
582 1040 619 1086 εἰ
656 1036 848 1087 Χθέλετε
886 1036 1196 1103 Υσκέψασθαι
1233 1036 1341 1100 παρ’
1375 1036 1482 1098 ὑμῖν
1516 1036 1684 1097 αὐτοῖς,

165 1116 202 1167 ὦ
235 1118 398 1183 ἄνδρες
432 1120 663 1180 δικασταὶ,
690 1119 738 1169 τί
769 1121 941 1169 δοῦλον
976 1117 1004 1183 ἢ
1040 1118 1284 1184 ἐλεύθερον
1317 1117 1430 1169 εἶναι
1465 1119 1684 1186 διαφέρει,

165 1206 305 1251 τοῦτο
331 1201 558 1266 μέγιστον
584 1200 642 1252 ἂν
669 1203 856 1267 εὕροιτε,
884 1201 956 1252 ὅτι
989 1206 1085 1254 τοῖς
1121 1201 1205 1265 μὲν
1239 1203 1425 1255 δούλοις
1458 1202 1513 1252 τὸ
1544 1206 1687 1264 σῶμα

166 1288 261 1333 τῶν
291 1282 590 1348 ἀδικημάτων
622 1284 844 1336 ἁπάντων
879 1284 1135 1335 ὑπεύθυνόν
1165 1286 1283 1347 ἐστι,
1309 1289 1404 1338 τοῖς
1431 1285 1468 1334 δ’
1497 1283 1681 1335 ἐλευθέ-

164 1390 262 1433 ροις
290 1368 496 1418 ὕστατον
515 1373 653 1419 τοῦτο
677 1367 908 1435 προσήκει
929 1367 1155 1433 κολάζειν.
1201 1371 1242 1418 οἱ
1269 1367 1317 1418 δὲ
1336 1368 1605 1418 τούναντίον
1625 1371 1686 1420 εἰς
1702 1394 1735 1424 15

166 1449 227 1500 τὰ
269 1451 473 1514 σώμαθ’,
512 1451 676 1517 ὥσπερ
721 1452 1042 1518 ἀνδραπόδοις,
1082 1450 1367 1515 ἐποιήσαντο
1410 1450 1494 1504 τὰς
1537 1473 1683 1514 τιμω-

79 1535 281 1601 192ρίας.
335 1536 456 1586 οὕτω
488 1537 525 1586 δ’
554 1536 757 1588 Ζοἰνίσως
790 1537 866 1586 καὶ
899 1539 1236 1588 πλεονεκτικῶς
1270 1534 1384 1601 ε”σχε
1416 1532 1535 1600 πρὸς
1571 1535 1688 1597 ὑμᾶς

170 1618 470 1683 Ἀνδροτίων,
497 1617 621 1669 ὥστε
648 1616 731 1669 τὸν
760 1617 845 1681 μὲν
871 1620 1038 1668 ἢαὺτοῦ
1065 1618 1245 1684 πατέρα
1270 1617 1385 1686 ᾤετο
1411 1621 1517 1680 δεῖν,
1544 1621 1687 1681 δημο-

168 1702 252 1769 σίᾳ
288 1702 478 1752 δεθέντα
515 1703 588 1753 ἐπὶ
622 1701 863 1767 χρήμασιν
896 1702 945 1751 ἐν
976 1704 1043 1770 τῷ
1077 1701 1395 1769 δεσμωτηρίῳ,
1426 1699 1531 1764 μήτ’
1560 1702 1680 1750 ἀπο·
1701 1724 1741 1746 20

169 1785 311 1835 δόντα
355 1792 507 1837 ταῦτα
547 1784 665 1849 μήτε
715 1785 912 1850 κριθέντ’
954 1784 1263 1851 1’ἀποδρᾶναα
1301 1789 1396 1834 τῶν
1441 1787 1481 1834 δ’
1521 1784 1689 1834 ἄλλων

168 1874 380 1920 πολιτῶν
412 1868 496 1919 τὸν
532 1868 597 1933 μὴ
631 1868 886 1932 δυνάμενον
918 1869 1002 1919 οτόι
1034 1870 1199 1919 ἑαυτοῦ
1234 1872 1378 1919 θεῖναι
1413 1868 1593 1918 οἴκοθεν
1627 1871 1689 1920 εἰς

78 1971 155 2013 193
171 1951 225 2002 τὸ
261 1951 583 2018 δεσμωτήριον
620 1952 822 2019 ἀχθέντα
857 1952 967 2021 όὺφ’
998 1953 1163 2002 ἑαυτοῦ
1197 1951 1429 2001 δεδέσθαι.
1485 1953 1559 2001 καὶ
1595 1955 1683 2001 Τι-

170 2034 407 2099 μοκράτης
438 2040 533 2085 τῶν
567 2034 652 2098 μὲν
681 2040 881 2086 πολλῶν
911 2035 1043 2098 ἡμῶν
1068 2033 1186 2096 τότε,
1213 2034 1289 2085 ὅτε
1315 2033 1401 2097 τὴν
1427 2035 1688 2084 διπλασίαν

171 2119 487 2185 εἰσέπραττεν,
526 2119 621 2168 οὐδ’
659 2118 715 2169 ἂν
752 2123 862 2184 παρ’
895 2117 996 2171 ἑνὸς
1034 2123 1200 2178 λαβεῖν
1238 2118 1474 2181 ἠθέλησεν
1510 2119 1681 2182 ἐγγυη-
1702 2142 1739 2173 25

171 2201 268 2264 τὰς,
307 2201 372 2265 μὴ
412 2201 549 2268 μέχρι
593 2204 676 2265 τῆς
717 2201 880 2264 ἐνάτης
923 2201 1214 2267 πρυτανείας,
1254 2202 1366 2250 ἀλλ’
1406 2199 1541 2251 θούδὲ
1581 2204 1690 2263 μιᾶς

186 2286 196 2299 τ
254 2285 268 2303 s
417 2286 428 2301 ³
499 2287 509 2301 s
555 2283 572 2302 ‚x
750 2289 770 2299 a
856 2283 869 2301 x
997 2282 1008 2297 t
1111 2287 1121 2306 9
1170 2283 1191 2300 :s
1468 2281 1480 2296 t
1665 2280 1683 2298 ,x

171 2308 356 2351 ημερας,
402 2292 502 2335 αλλ
550 2308 579 2349 η
625 2287 772 2336 διπλα
816 2307 875 2335 τα
919 2306 1106 2350 χρηματ
1162 2285 1250 2332 εδει
1294 2286 1617 2352 καταβάλλειν
1659 2305 1689 2345 η

171 2370 461 2434 παραχρῆμα
518 2368 747 2418 δεδέσθαι.
813 2366 1064 2431 παρεδίδου
1115 2366 1152 2416 δ’
1200 2365 1333 2419 οὗτος
1384 2369 1480 2419 τοῖς
1530 2365 1690 2415 ἕνδεκα

229 2542 249 2560 ¹¹
269 2536 388 2583 ἔροιτ’]
413 2537 514 2583 ε’ροῖτ’
536 2538 571 2571 S.
647 2543 665 2562 0
684 2536 830 2583 τούτων]
856 2536 977 2570 τούτου
997 2537 1071 2571 F.v.
1147 2541 1166 2569 P
1185 2535 1392 2582 βούλοισθε]
1416 2534 1590 2577 βούλεσθε
1610 2536 1688 2570 ΡΝ.

174 2595 195 2622 q
214 2590 253 2622 τὸ
273 2601 342 2623 om.
363 2591 430 2625 k.1·.
565 2596 580 2615 ¹·
599 2589 720 2635 ἐδεῖτε]
747 2590 881 2624 Literas
902 2590 950 2623 δει
971 2602 991 2622 a
1012 2602 1056 2622 m.
1078 2601 1146 2623 sec.
1167 2589 1274 2622 habet
1295 2589 1331 2623 S.
1461 2593 1476 2613 S
1498 2588 1589 2631 ὑμεῖς
1608 2594 1690 2622 ante

174 2642 343 2686 κέχρησθε
363 2642 439 2677 F.v.
604 2645 616 2668 t
635 2645 707 2677 τοῖς
726 2643 898 2687 ὑμετέροις
917 2642 1043 2688 αὐτῶν]
1068 2643 1139 2676 τοῖς
1159 2642 1330 2685 ὑμετέροις
1351 2639 1456 2675 οὕτως
1476 2642 1512 2675 S.
1535 2641 1595 2685 qui
1613 2641 1689 2674 vul-

175 2700 297 2740 gatum
317 2695 352 2728 in
371 2709 426 2740 γρ.
446 2695 563 2730 habet.
598 2697 669 2730 τοῖς·
688 2697 813 2728 ἑαυτῶν
834 2695 908 2728 F.v.
1098 2700 1119 2719 ῑῑ
1139 2695 1287 2738 ἐχρῆσθε
1309 2695 1345 2728 S.
1381 2693 1549 2738 κέχρησθε
1567 2694 1687 2738 vulgo,

176 2752 195 2771 ¹
217 2748 351 2793 θελετε]
377 2748 509 2781 θελοιτε
528 2760 560 2783 v.
654 2754 673 2781 Y
693 2747 911 2793 σκέψασθαι]
937 2747 1119 2792 σκέψασθε
1138 2746 1355 2781 A.S.Y.O.k.
1447 2752 1464 2770 Z
1484 2744 1625 2791 ἀνίσως]
1649 2743 1690 2778 ἂν

175 2798 259 2835 ἰ’σως
279 2812 308 2834 s,
340 2800 492 2845 αἰσχρῶς
511 2806 687 2835 correctus
706 2813 733 2836 r.
756 2801 851 2846 quod
869 2800 997 2845 legitur
1015 2813 1050 2845 p.
1067 2799 1157 2839 610,
1180 2811 1235 2834 10.
1327 2805 1346 2823 a
1364 2798 1485 2843 αὑτοῦ]
1507 2799 1625 2832 ἑαυτοῦ
1647 2799 1687 2832 F.

175 2848 195 2877 b
215 2852 416 2899 ἀποδρᾶναι]
437 2853 624 2898 ἀποδράναι
643 2854 822 2888 Y.k.r.s.v.
858 2854 1016 2887 Accentu
1036 2860 1129 2887 caret
1149 2854 1190 2886 A.
1326 2856 1342 2875 0
1361 2852 1403 2883 τὰ
1423 2852 1542 2884 ἑαυτοῦ
1562 2851 1684 2896 θεῖιάι]

176 2905 281 2939 θεῖναι
300 2906 341 2939 τὰ
361 2907 480 2940 ἑαυτοῦ
498 2906 621 2941 Α.Υ.Ο
638 2908 734 2942 k.r.s.
896 2904 911 2926 ‘³
932 2904 991 2949 ὑφ’
1012 2905 1150 2952 ἑαυτοῦ]
1174 2903 1229 2939 ὑπ’
1248 2904 1352 2938 αὐτοῦ
1372 2903 1687 2938 A.F.Y.O.k.r.s.v.

177 2963 193 2981 Θ
213 2959 290 2992 οὐδὲ
311 2971 380 2993 om.
403 2959 439 2993 S.
1206 2968 1209 2969 ’

879 3031 992 3060 er
