1954 3273
36 174 190 226 -481‚
206 192 258 216 2⁴2.
677 179 820 217 ΠΡΟΣ
852 178 1160 216 ΛΕΠΤιΝΗΝ.
1591 176 1675 217 507

159 289 396 354 γνώσεται
437 289 760 356 γεγραμμένας
788 291 894 353 ὑμῖν
929 289 1012 342 τάς
1043 312 1094 339 τε
1127 294 1235 342 ναῦς
1267 288 1384 342 ὅσας
1419 288 1562 349 ἔλαβε
1601 290 1674 338 καὶ

160 374 213 424 οὗ
239 373 457 438 ἑκάστην,
485 375 559 424 καὶ
585 377 679 423 τῶν
704 371 892 423 πόλεων
918 371 1000 423 τὸν
1026 371 1225 438 ἀριθμὸν
1260 374 1334 422 καὶ
1366 376 1460 422 τῶν
1487 370 1669 438 χρημά-

161 480 253 508 των
280 457 333 508 τὸ
359 460 543 520 πλῆθος
569 458 643 506 καὶ
670 461 763 506 τῶν
789 455 1039 521 τροπαίων,
1066 456 1120 505 οὗ
1146 455 1360 506 ἕκαστον.
1400 454 1527 518 λέγε.
1686 456 1722 487 ²5

644 555 897 598 ΠΡΑΞΕΙΣ
934 554 1199 595 XABPIOT.

101 640 151 680 88
238 633 386 679 Δοκεῖ
425 630 550 678 τισὶν
597 629 769 691 “ὑμῶν,
814 625 850 677 ὦ
893 627 1055 692 ἄνδρες
1100 627 1390 689 ΟἈθηναῖοι,
1442 624 1602 677 Ροῦτος
1652 624 1676 673 ὁ

163 713 400 766 τοσαύτας
438 711 600 765 πόλεις
639 712 806 773 λαβὼν
838 713 913 762 καὶ
946 709 1142 777 τριήρεις
1177 714 1271 760 τῶν
1296 710 1536 772 πολεμίων
1563 731 1672 758 ναυ-

163 798 312 865 μαχίᾳ
357 797 551 861 νικήσας
591 798 665 846 καὶ
707 794 948 846 τοσούτων
990 798 1149 845 καλῶν
1186 793 1329 847 α’ίτιος
1364 792 1441 855 ὢν,
1479 795 1771 859 αἱσχροῦ431

165 883 202 931 δ’
233 880 418 935 οὐδενὸς
452 884 510 948 τῇ
544 879 693 942 πόλει,
722 879 853 947 ἄξιος
885 876 997 928 εἶναι
1024 880 1430 944 (ἳάποστερηθῆναι
1463 875 1548 940 τὴν
1574 875 1678 926 ἀτέ-

166 973 311 1027 λειαν,
339 963 397 1029 ἣν
428 966 583 1031 εὕρετο
617 965 726 1030 παρ’
756 965 885 1027 ὑμῶν
922 966 996 1013 καὶ
1034 966 1100 1032 τῷ
1133 966 1219 1013 υἱεῖ
1248 961 1551 1021 Γκατέλιπεν;
1591 961 1684 1026 ἐγὼ

164 1048 250 1112 μὲν
288 1050 369 1099 οὐκ
407 1048 602 1111 5οἰόμαι.
645 1051 720 1098 καὶ
752 1046 845 1113 γὰρ
884 1045 940 1097 ἂν
981 1047 1163 1111 ἄλογον
1199 1046 1279 1110 εἴη·
1319 1047 1429 1109 μίαν
1467 1045 1551 1109 μὲν
1591 1044 1683 1096 πό-

167 1140 245 1183 λιν
289 1134 356 1182 ἵεῖ
396 1132 647 1183 ἀπώλεσεν
688 1129 717 1195 ἢ
765 1137 874 1185 ναῦς
916 1131 1024 1181 δέκα
1070 1130 1229 1194 μόνας,
1278 1132 1383 1196 περὶ
1424 1131 1716 1196 προδοσίας5

167 1216 223 1268 ἂν
261 1216 401 1267 αὐτὸν
444 1215 764 1281 εἰσήγγελλον
809 1216 948 1278 οὗτοι,
993 1217 1068 1266 καὶ
1111 1219 1179 1265 ¹¹⁶2
1211 1214 1350 1277 ἑάλω,
1390 1213 1472 1264 τὸν
1516 1213 1684 1265 ἅπαντ’

107 1299 226 1362 89ἂν
276 1300 546 1351 Χάπολώλει
593 1297 778 1366 χρόνον·
837 1297 991 1363 ἐπειδὴ
1037 1298 1116 1349 Υδὲ
1156 1299 1426 1349 τούναντίον
1470 1298 1689 1348 ἑπτακαί-

170 1387 279 1435 δεκα
328 1383 442 1449 Ζμὲν
486 1383 647 1438 πόλεις
693 1383 864 1445 ᾶεῖλεν,
910 1381 1233 1447 ἑβδομήκοντα
1281 1381 1330 1432 δὲ
1376 1387 1486 1435 ναῦς
1531 1381 1688 1444 ἔλαβε,

169 1469 462 1535 τρισχιλίους
514 1470 551 1519 δ’
599 1468 940 1535 αἰχμαλώτους,
994 1467 1104 1518 δέκα
1160 1467 1208 1518 δὲ
1259 1468 1334 1517 καὶ
1386 1465 1552 1516 ἑκατὸν
1601 1465 1684 1516 τά·

171 1553 302 1602 λαντ’
347 1552 571 1619 ἀπέφηνε,
617 1557 828 1602 τοσαῦτα
874 1552 911 1602 δ’
958 1551 1134 1615 ε”στησε
1179 1549 1393 1618 τρόπαια,
1439 1555 1691 1614 τηνικαῦτα
1709 1577 1746 1598 10

170 1635 235 1686 ι’δ’
276 1637 359 1686 οὐκ
404 1635 539 1686 ε”σται
583 1635 695 1701 κύρι’
738 1636 886 1704 conjug)
930 1633 989 1685 τὰ
1035 1635 1207 1686 δοθέντ’
1250 1636 1324 1685 ἐπὶ
1364 1633 1559 1687 τούτοις.
1617 1636 1692 1685 καὶ

219 1717 231 1734 Χ
324 1716 344 1738 '3
383 1719 406 1737 ,l
560 1720 570 1734 0
746 1723 765 1732 Α
904 1720 917 1736 Χ
983 1723 1003 1732 Α
1116 1717 1129 1733 Ι
1188 1720 1197 1734 2
1239 1720 1249 1734 OE
1300 1717 1311 1735 ἱ
1391 1720 1402 1733 t
1456 1723 1476 1732 Α
1648 1717 1660 1733 Ι

173 1742 280 1783 μην,
307 1742 343 1769 ω
371 1721 535 1784 ανδρες
578 1723 816 1783 Αθηναιοι,
845 1742 919 1769 και
946 1718 1035 1784 ζων
1060 1723 1187 1770 πανθ
1228 1741 1342 1784 υπερ
1379 1741 1508 1781 υμων
1535 1722 1686 1785 φανη-

176 1826 310 1854 σεται
347 1802 533 1871 πράξας
571 1804 804 1869 Χαβρίας,
832 1804 907 1852 καὶ
942 1801 1027 1866 τὴν
1054 1801 1274 1866 τελευτὴν
1301 1801 1444 1865 αὐτὴν
1479 1807 1562 1852 τοῦ
1587 1803 1694 1863 βίου

176 1886 484 1950 πεποιημένος
523 1887 610 1953 οὐχ
645 1885 758 1952 ὑπὲρ
795 1886 949 1936 ἄλλου
987 1885 1123 1947 τινος,
1165 1884 1287 1935 ὥστε
1329 1886 1514 1938 δικαίως
1555 1882 1613 1935 ἂν
1642 1886 1747 1940 01'115

178 1969 322 2033 μόνον
349 1969 423 2020 διὰ
449 1969 508 2020 τὰ
539 1970 673 2036 ζῶντι
713 1970 1023 2035 πεπραγμένα
1058 1970 1306 2037 φαίνοισθε
1343 1970 1555 2022 εὐνοϊκῶς
1589 1972 1692 2019 δια-

114 2079 169 2120 90
181 2055 378 2116 κείμενοι
404 2053 522 2120 πρὸς
557 2053 640 2104 τὸν
666 2053 763 2104 υἱὸν
789 2054 944 2115 αὐτοῦ,
971 2051 1102 2103 ἀλλὰ
1127 2055 1203 2103 καὶ
1230 2051 1305 2103 διὰ
1330 2052 1519 2116 ταύτην.
1563 2053 1697 2121 ἄξιον

179 2137 348 2199 τοίνυν,
393 2135 430 2187 ὦ
474 2137 637 2203 ἄνδρες
675 2138 932 2201 Ἀθηναῖοι,
978 2138 1160 2186 κάκεῖνο
1204 2141 1413 2198 σκοπεῖν,
1460 2136 1586 2189 ὅπως
1631 2135 1696 2200 μὴ

181 2219 457 2288 φανούμεθα
495 2219 778 2288 φαυλότεροι
809 2221 942 2270 Χίων
968 2222 1073 2286 περὶ
1099 2219 1207 2273 τοὺς
1233 2220 1473 2286 εὐεργέτας
1499 2243 1690 2286 γεγενη-
1713 2240 1752 2261 20

231 2305 244 2322 ι
394 2308 404 2322 9
490 2303 502 2322 x
589 2306 599 2320 ›
651 2309 671 2319 a
819 2303 830 2321 x
907 2302 953 2330 d,
993 2305 1003 2320 ³
1066 2303 1084 2323 A
1237 2309 1247 2326 9
1279 2304 1300 2321 et
1479 2303 1498 2325 ς
1663 2307 1672 2321 9

180 2328 323 2367 μενοι.
368 2327 405 2355 ει
444 2327 538 2370 γαρ
577 2328 737 2355 εκεινοι
774 2328 873 2368 μεν,
932 2308 992 2372 εφ
1033 2327 1111 2358 ους
1145 2308 1234 2368 μεθ
1276 2311 1441 2355 οπλων
1471 2309 1617 2368 ηλθεν
1650 2329 1698 2355 εν

181 2390 350 2456 ἐχθροῦ
388 2387 532 2457 τάξει,
558 2387 703 2452 μηδὲν
736 2387 800 2438 ὧν
834 2387 1007 2438 ε”δοσαν
1040 2387 1270 2454 πρότερον
1307 2393 1389 2438 νῦν
1418 2387 1697 2456 ἀφῄρηνται,

240 2586 259 2604 1¹
280 2579 388 2625 ὑμῶν]
414 2580 490 2623 ὑμῖν
510 2592 536 2613 S.
667 2585 684 2603 ⁰
705 2579 893 2624 Ἀθηναῖοι]
919 2579 1076 2612 δικασταὶ
1099 2579 1214 2612 S.O.s.
1247 2578 1288 2612 In
1309 2579 1349 2611 A.
1373 2558 1410 2610 g.
1542 2583 1561 2610 P
1581 2577 1695 2623 οὗτος]

186 2632 306 2666 οὑτοσὶ
326 2633 429 2667 F.t.v.
564 2639 583 2665 q
603 2631 892 2677 ἀποστερηθῆναι]
917 2632 1140 2676 ἀφαιρεθῆναι
1159 2632 1244 2667 A.k.
1267 2638 1302 2666 et
1320 2645 1376 2676 γρ.
1399 2631 1435 2665 S.
1458 2644 1478 2665 a
1498 2643 1543 2664 m.
1566 2639 1700 2676 quarta.

185 2691 201 2710 Γ
221 2687 417 2732 κατέλιπεν]
443 2687 639 2719 κατέλειπεν
660 2685 695 2719 S.
789 2691 803 2709 S
824 2684 954 2731 οἴομαι]
980 2682 1071 2727 οἶμαι
1090 2686 1177 2719 Α.Β.
1208 2686 1267 2718 οὐκ
1287 2683 1398 2728 οἴομαι
1418 2696 1487 2718 om.
1509 2685 1550 2717 A.
1639 2683 1652 2707 t
1673 2684 1702 2716 εἷ

187 2751 256 2773 om.
278 2739 388 2772 codex
415 2739 533 2772 nescio
553 2739 630 2784 quis
651 2738 816 2772 Bekkeri.
856 2739 947 2772 Nam
968 2739 1063 2784 quod
1091 2739 1120 2771 εἷ
1148 2744 1229 2772 ante
1258 2738 1429 2771 ἀπόλεσεν
1449 2744 1484 2771 et
1504 2744 1584 2770 ante
1614 2737 1702 2770 ἑάλω

188 2793 231 2826 ab
253 2792 288 2826 S.
309 2792 429 2825 abesse
449 2792 533 2826 dicit
553 2793 748 2833 Bekkerus,
768 2791 894 2826 falsum
916 2798 980 2825 est.
1010 2792 1102 2825 Ante
1122 2792 1200 2835 μίαν
1219 2791 1320 2837 ponit
1339 2803 1366 2824 r.
1497 2797 1510 2809 ¹¹
1533 2790 1560 2823 εἰ
1581 2802 1650 2823 om.
1673 2802 1700 2823 r.

188 2851 208 2870 X
228 2845 418 2891 ἀπολώλει]
443 2844 622 2879 ἀπωλώλει
642 2845 922 2880 F.S.Y.O.r.k.s.
944 2850 978 2878 et
994 2851 1170 2879 correctus
1188 2857 1220 2878 v.
1311 2850 1329 2877 y
1349 2844 1384 2877 δέ
1405 2855 1474 2877 om.
1496 2850 1522 2876 t.
1607 2848 1623 2866 Ζ
1642 2844 1704 2886 μέν

190 2911 259 2932 om.
284 2898 319 2932 S.
433 2903 451 2922 a
469 2895 562 2932 εἷλεν
582 2910 650 2932 om.
673 2911 700 2932 S.
805 2895 824 2923 b
845 2897 874 2932 δ’
893 2911 962 2932 om.
979 2899 1015 2932 k.
1115 2904 1130 2923 C
1151 2899 1241 2944 αὐτῷ
1261 2903 1341 2942 post
1360 2897 1457 2930 ἕσται
1478 2896 1512 2929 k.
1609 2892 1626 2919 d
1648 2894 1703 2940 ἐφ’

190 2951 263 2997 οὓς]
289 2950 343 2996 ἐφ’
365 2948 414 2985 οἷς
434 2951 478 2984 O.
