1954 3273
24 168 253 213 7—504,1o.
659 164 802 202 ΠΡΟΣ
835 164 1143 201 AEHTINHN.
1579 165 1660 204 581

153 271 287 339 τερόν
336 295 435 324 τισι
484 272 767 339 ἰπράγμασι
817 274 1037 328 σύνδικος
1087 274 1293 339 γε’γονεν.
1345 274 1449 325 ε”στι
1499 275 1547 326 δὲ
1591 280 1714 327 mm

650 356 668 383 k

151 356 263 420 μάλ’
305 357 425 424 ἔχων
469 356 610 421 νόμος
688 359 793 421 ὑμῖν
841 362 1010 419 καλῶς,
1052 359 1133 408 οὐκ
1176 360 1250 409 ἐπὶ
1289 358 1467 412 τούτοις
1509 363 1667 420 τεθεὶς,

151 442 261 491 ἀλλ’
290 441 367 491 ἵνα
403 439 468 504 μὴ
503 440 558 492 τὸ
584 446 783 507 πρᾶγμα
820 440 983 507 ὥσπερ
1022 443 1222 507 ἐργασία
1260 444 1385 492 τισὶν
1417 440 1445 509 ᾗ
1473 445 1548 493 καὶ
1573 466 1662 494 συ-

780 523 788 551 1

152 526 396 592 κοφαντία,
446 524 511 589 μὴ
562 525 730 594 ἐξεῖναι
800 525 889 575 ὑπὸ
940 530 1023 575 τοῦ
1079 525 1229 589 δήμου
1287 528 1669 592 χειροτονηθέντα

61 613 328 665 17Οωπλεΐν
355 606 383 672 ὴ
412 607 545 677 ἅπαξ
569 611 868 672 συνδικῆσαι.
910 607 1018 662 τοὺς
1044 608 1128 673 Πδὴ
1155 616 1491 675 οσυνεροῦντας
1527 609 1668 680 νόμῳ,

151 696 226 743 καὶ
278 693 555 762 διδάξοντας
607 695 725 758 ὑμᾶς
770 696 832 747 ὡς
882 693 1134 758 ἐπιτήδειός
1179 696 1323 756 ἐστιν,
1366 694 1531 748 αὐτοὺς
1573 701 1720 749 τοΐςεο

153 776 420 844 ὑπάρχουσι
464 777 621 841 νόμοις
666 781 737 828 δεῖ
770 776 1069 840 πειθομένους
1114 779 1380 846 φαίνεσθαι·
1422 782 1458 828 εὶ
1501 777 1548 829 δὲ
1590 779 1669 843 μὴ,

151 865 367 926 Ργελοῖον
405 860 533 930 νόμῳ
569 861 683 925 Ἷμὲν
709 863 956 923 συνδικεῖν,
985 861 1128 925 νόμον
1164 864 1200 912 δ’
1231 862 1397 916 αὐτοὺς
1435 865 1670 929 παραβαί·

152 966 244 995 νειν
270 945 437 1010 ἕτερον.
477 944 714 1012 ἀνάγνωθι
740 944 907 1006 λαβὼν
932 943 1038 995 Γτὸν
1065 944 1206 1008 νόμον
1234 947 1400 1007 αὐτοῖς,
1429 945 1481 996 ὃν
1508 946 1650 1012 λέγω.

798 1046 1018 1085 NOMOE.

224 1117 392 1179 Οὗτος,
420 1116 457 1167 ὦ
491 1119 654 1183 ἄνδρες
690 1119 944 1182 Ἀθηναῖοι,
979 1120 1053 1168 καὶ
1086 1116 1289 1171 παλαιός
1331 1120 1433 1168 ἐσθ’
1462 1118 1486 1168 ὁ
1525 1117 1664 1180 νόμος
1679 1141 1716 1172 25

150 1202 225 1250 καὶ
265 1205 422 1255 καλῶς
460 1201 592 1267 ἔχων,
621 1200 688 1259 ὃν,
718 1200 798 1252 ε’ἀν
824 1205 1132 1270 σωφρονῶσι,
1170 1200 1466 1270 φυλάξονται
1505 1225 1663 1267 παρα-

151 1284 327 1344 βαίνειν
352 1284 491 1336 οῧτοι.
1178 1291 1183 1296 ’

61 1384 134 1427 171
225 1366 354 1432 Ἐγὼ
406 1370 442 1418 δ’
489 1369 554 1418 ε”τι
604 1367 748 1434 μικρὰ
797 1367 916 1434 πρὸς
958 1370 1075 1432 ὑμᾶς
1125 1368 1266 1420 εἰπὼν
1311 1368 1663 1432 καταβήσομαι.

152 1451 286 1502 εε”στι
321 1451 428 1518 γὰρ,
459 1450 495 1502 ὦ
529 1453 690 1518 ἄνδρες
731 1457 985 1516 Ἀθηναῖοι,
1024 1452 1204 1506 πάντας
1241 1451 1326 1515 μὲν
1360 1452 1467 1506 τοὺς
1502 1451 1671 1515 νόμους

150 1536 294 1598 ἵὺμῖν,
329 1539 390 1589 ὡς
428 1536 520 1601 ἐγὼ
561 1536 742 1602 νομίζω,
775 1538 1105 1588 σπουδαστέον
1144 1539 1206 1590 ὡς
1245 1535 1504 1587 “κάλλιστ’
1534 1537 1666 1604 ἔχειν,
1681 1562 1767 1603 504

148 1618 363 1683 μάλιστα
399 1619 447 1670 δὲ
482 1620 672 1674 τούτους
707 1621 762 1671 δι’
791 1619 855 1670 ὧν
889 1620 916 1684 ἦ
953 1621 1123 1687 μικρὰν
1161 1620 1188 1685 ἦ
1224 1620 1440 1686 μεγάλην
1475 1621 1571 1672 ἔστ’
1599 1619 1662 1671 εἷ-

150 1726 224 1753 ναι
257 1703 343 1766 τὴν
367 1704 526 1754 πόλιν.
569 1707 660 1755 εἶσὶ
687 1706 724 1754 δ’
754 1705 879 1755 οὗτοι
901 1706 1018 1758 τίνες
1041 1728 1053 1767 ;
1097 1706 1175 1756 '¹02'
1208 1728 1256 1755 τε
1293 1710 1389 1758 τοῖς
1416 1704 1598 1770 ἀγαθόν
1623 1729 1668 1756 τι

151 1792 341 1838 ποιοῦσι
378 1787 461 1841 τὰς
500 1787 636 1849 τιμὰς
678 1787 879 1841 διδόντες
918 1790 993 1838 καὶ
1030 1792 1073 1839 οἱ
1112 1793 1207 1841 τοῖς
1243 1790 1467 1839 τάναντία
1511 1788 1661 1855 πράτ-

154 1894 289 1921 τουσι
327 1870 410 1924 τὰς
446 1873 683 1938 τιμωρίας.
727 1876 763 1922 εἰ
801 1871 894 1937 γὰρ
930 1870 1131 1925 ἅπαντες
1166 1874 1228 1925 ὡς
1269 1874 1460 1935 ἀληθῶς
1494 1872 1577 1926 τὰς
1619 1875 1696 1930 ε’ν5

152 1960 247 2007 τοῖς
286 1954 442 2019 νόμοις
480 1956 642 2021 ζημίας
682 1955 969 2022 φοβούμενοι
994 1961 1077 2005 τοῦ
1112 1954 1256 2005 κακόν
1289 1978 1332 2006 τι
1367 1961 1515 2006 ποιεῖν
1542 1959 1663 2007 ἀπο-

151 2043 325 2099 σταῖεν,
365 2041 439 2088 καὶ
477 2038 649 2091 πάντες
683 2037 765 2091 τὰς
803 2040 876 2089 ἐπὶ
914 2043 1014 2091 ταῖς
1050 2040 1334 2104 εὐεργεσίαις
1373 2040 1545 2105 δωρεὰς
1582 2041 1663 2106 ζη-

150 2122 393 2174 λώσαντες
429 2119 459 2171 ἃ
490 2121 582 2188 χρὴ
607 2121 828 2187 πράττειν
853 2122 1144 2187 προέλοιντο,
1171 2124 1220 2172 τί
1243 2123 1410 2173 κωλύει
1434 2125 1667 2189 μεγίστην

150 2203 264 2256 εἶναι
306 2205 392 2269 τὴν
429 2204 572 2256 πόλιν
614 2206 689 2255 καὶ
732 2203 911 2257 πάντας
955 2205 1192 2272 χρηστοὺς
1234 2208 1309 2256 καὶ
1353 2209 1507 2270 μηδέν’
1553 2206 1720 2258 εἶναιιο

150 2289 408 2356 )’πονηρόν;

203 2426 213 2453 i
233 2429 428 2475 πράγμασι]
452 2429 703 2476 παραδείγμασι.
721 2436 748 2465 t.
860 2427 881 2454 k
902 2430 995 2476 ὑμῖν]
1020 2430 1098 2473 ἡμῖν
1116 2431 1152 2465 k.
1263 2428 1274 2455 Ῑ
1303 2432 1366 2465 ὑπὸ
1387 2435 1447 2466 τοῦ
1467 2432 1574 2475 δήμου
1595 2448 1666 2477 χει-

148 2483 389 2528 ροτονηθέντα]
413 2484 692 2528 χειροτονηθέντα
712 2484 777 2517 ὑπὸ
798 2486 858 2517 τοῦ
878 2484 986 2527 δήμου
1005 2484 1150 2518 A.F.k.s
1165 2490 1229 2519 tx.
1359 2492 1387 2509 m
1408 2485 1524 2531 πλεῖν]
1549 2487 1664 2531 Lege-

148 2536 252 2569 batur
271 2538 388 2570 πλέον.
420 2538 585 2570 πλεῖστον
605 2550 632 2570 r.
661 2539 781 2570 πλεῖον
803 2537 932 2570 S.Y.O.
954 2538 1048 2582 quod
1075 2537 1203 2571 indicio
1224 2544 1277 2571 est
1297 2540 1396 2572 πλεῖν
1416 2551 1490 2572 esse
1512 2540 1664 2573 scriben-

150 2589 246 2629 dum,
268 2596 306 2623 ut
326 2602 360 2635 p.
382 2599 472 2634 4¹3,
496 2600 531 2624 2.
562 2592 661 2624 πλεῖν
681 2589 699 2633 ἢ
719 2590 859 2635 μυρίους
876 2590 1080 2624 restitutum
1101 2603 1143 2624 ex
1165 2591 1201 2625 S.
1248 2591 1352 2625 Conf.
1374 2593 1417 2625 ad
1437 2605 1470 2637 p.
1493 2600 1582 2639 570,
1603 2591 1662 2627 16.

150 2641 240 2688 657,
270 2654 324 2676 10.
357 2641 445 2689 669,
468 2641 502 2677 6.
537 2650 623 2690 744,
648 2653 710 2689 23.
744 2641 832 2684 816,
858 2653 916 2688 13.
941 2642 1030 2688 823,
1052 2654 1090 2690 9.
1117 2642 1429 2692 841‚15.1014‚
1455 2656 1515 2679 22.
1550 2656 1662 2691 1033,

156 2702 212 2741 17.
239 2695 353 2741 1036,
381 2704 438 2742 17.
467 2706 577 2742 1073,
603 2704 662 2743 27.
774 2702 794 2720 n
815 2697 854 2739 δὴ
877 2696 1043 2731 S.Y.O.r.
1075 2697 1276 2743 Legebatur
1294 2698 1343 2732 δέ.
1444 2704 1461 2722 0
1483 2701 1664 2743 συνεροῦν-

337 2752 350 2768 Ε

147 2763 224 2809 τας]
248 2767 494 2809 συναιροῦντας
514 2765 548 2799 S.
663 2771 682 2798 P
702 2765 854 2811 γελοῖον]
879 2764 1017 2811 γέλοιον
1037 2766 1124 2799 Α.Β.
1247 2772 1266 2799 q
1286 2766 1346 2810 μὲν
1366 2779 1436 2800 om.
1459 2767 1551 2800 Y.O.
1574 2779 1594 2800 a
1613 2779 1662 2803 m.

148 2817 294 2862 antiqua
312 2818 482 2852 insertum
500 2819 607 2852 habet
624 2819 659 2852 S.
830 2825 845 2843 Γ
862 2820 922 2852 τὸν
941 2820 1043 2862 νόμον
1063 2818 1193 2864 αὐτοῖς]
1217 2819 1330 2854 αὐτοῖς
1350 2820 1410 2852 τὸν
1430 2821 1532 2862 νόμον
1552 2821 1662 2853 A.k.s.

150 2875 165 2895 ⁵
184 2871 417 2904 ἔστι-πόλιν
438 2872 487 2916 (p.
509 2882 598 2917 504,
626 2871 717 2917 10.)]
743 2872 876 2906 Eadem
895 2871 968 2906 fere
987 2873 1092 2906 verba
1111 2884 1145 2917 p.
1166 2870 1253 2918 766.
1378 2871 1393 2896 t
1413 2872 1507 2918 ὑμῖν]
1532 2873 1608 2916 ἡμῖν
1627 2873 1663 2907 k.

109 2926 220 2968 Ἥρω.
242 2936 269 2957 r.
399 2930 420 2948 U
440 2924 615 2971 κάλλιστ’]
642 2926 767 2959 καλλος
786 2924 814 2958 τ’
835 2938 889 2971 pr.
914 2926 950 2959 S.
1083 2930 1102 2949 Χ
1124 2924 1227 2971 οἵτε]
1254 2923 1288 2958 οἵ
1304 2939 1343 2970 γε
1362 2937 1390 2958 r.
1522 2933 1540 2961 „V
1562 2939 1664 2969 πονη-

213 2974 271 3004 τὸν
1223 2977 1236 2986 ““

148 3019 226 3065 ρόν]
258 3020 406 3064 πονηρὸν
428 3020 467 3055 F.
498 3021 558 3054 τὸν
576 3022 722 3066 πονηρὸν
741 3021 927 3055 Y.O.r.t.v.
