1954 3273
259 157 344 200 594⁴
801 160 1229 198 ΔΗΜΟΣΘΕΝΟΎΣ
1359 158 1441 197 OR.
1463 156 1604 197 XXI.
1629 172 1669 212 p.
1687 161 1785 211 564,
1800 172 1899 196 28—-

259 266 325 318 ὧν
369 268 755 333 εἰσπραττόμενοι
804 276 823 304 ‘³
844 268 1079 320 τάλαντον
1129 269 1366 320 ταλάντου
1415 274 1645 333 μισθοῦσι
1694 268 1778 323 τὰς

259 353 559 418 τριηραρχίας
604 352 744 415 οὗτοι,
788 351 915 403 ἐἶτα
957 353 1286 418 ε’πληρώματα
1329 353 1357 416 ἡ
1401 352 1542 406 πόλις
1584 352 1776 419 παρέχει
1788 361 1872 415 565

258 437 333 485 καὶ
360 434 506 498 σκεύη
535 436 742 497 δίδωσιν,
770 433 883 485 ὥστ’
913 437 1065 485 αὐτῶν
1098 437 1231 488 ε’νιόις
1263 440 1320 502 τῇ
1351 435 1548 503 ἀληθείᾳ
1573 435 1628 485 τὸ
1653 436 1668 461 t
1677 458 1770 499 μη-

260 517 337 568 δὲν
375 520 623 568 ἀναλῶσαι
661 522 736 568 καὶ
776 522 924 568 δοκεῖν
962 519 1394 584 λελειτουργηκέναι
1433 521 1508 569 καὶ
1549 523 1644 568 τῶν
1682 518 1772 568 ἅλ-

167 615 246 656 199
261 609 360 652 λων
404 606 707 667 λειτουργιῶν
747 604 964 655 1Ἰῑοίτελεΐς
1004 605 1289 667 γεγενῆσθαι
1333 603 1585 667 περίεστιν.
1647 599 1778 651 ἀλλὰ

257 684 352 748 μὴν
385 685 434 735 τί
467 684 628 746 ἄλλος
675 688 931 754 τραγῳδοῖς
969 684 1263 751 κεχορήγηκέ
1290 690 1399 736 ποθ’
1427 685 1573 746 οὗτος,
1600 684 1693 750 ἐγὼ
1727 683 1804 739 δέὃ

258 768 483 830 αὐληταῖς
527 766 740 832 ἀνδράσι.
807 770 881 818 καὶ
929 767 999 817 ὅτι
1043 773 1182 818 τοῦτο
1225 767 1280 818 τὸ
1325 767 1555 831 ἀνάλωμα
1604 769 1777 832 ἐκείνης

258 853 340 913 τῆς
379 848 589 913 δαπάνης
627 850 811 902 Χπλέον
852 853 954 901 ἐστὶ
999 855 1185 919 πολλῷ,
1225 853 1370 904 οὐδεὶς
1409 853 1571 917 ἀγνοεῖ
1608 851 1772 915 δήπου.

258 933 388 999 κάγώ
425 933 509 996 μὲν
546 933 794 998 ἐθελοντὴς
834 940 929 996 νῦν,
967 934 1100 987 οὗτος
1138 933 1186 984 δὲ
1224 934 1464 988 καταστὰς
1500 935 1557 1003 ἐξ
1587 934 1770 985 ἀντιδό-

256 1039 379 1070 σεως
420 1016 541 1080 τότε,
581 1018 634 1068 οὗ
674 1017 812 1084 χάριν
848 1019 1066 1080 οὐδεμίαν
1103 1018 1262 1086 ἳαύτῲ
1306 1016 1457 1080 δήπου
1495 1019 1680 1072 δικαίως
1717 1018 1775 1069 ἅν
1792 1043 1830 1064 10

816 1100 834 1128 b

359 1107 377 1126 Ζ
402 1100 422 1116 υ
557 1107 576 1126 a
629 1101 639 1119 1
678 1101 700 1118 ’t
877 1105 886 1117 ε
966 1102 976 1119 t
1136 1100 1147 1116 x
1330 1099 1343 1116 x
1421 1103 1431 1117 ⁵
1485 1100 1497 1119 x
1596 1105 1608 1118 x

256 1122 326 1153 τις
394 1122 504 1167 εχοι.
590 1124 633 1151 τι
670 1123 769 1163 ετι;
852 1124 1065 1152 ειστιακα
1098 1124 1182 1164 την
1218 1106 1377 1169 φυλην
1409 1124 1502 1166 εγω
1536 1124 1610 1152 και
1646 1105 1778 1152 Παν-

164 1207 246 1237 200
258 1185 493 1247 αθηναίοις
531 1183 842 1251 κεχορήγηκα,
878 1184 1012 1238 οὗτος
1048 1186 1085 1235 δ’
1120 1185 1380 1250 εούδέτερα.
1435 1184 1621 1250 ἡγεμών
1655 1208 1779 1249 συμ-

162 2042 236 2072 201

256 1267 421 1332 μορίας
461 1268 567 1330 ὑμῖν
604 1266 828 1333 ἐγενόμην
867 1266 960 1332 ε’γώ
999 1267 1077 1331 ἔτη
1114 1268 1236 1329 δέκα,
1276 1267 1384 1317 ’ἴσον
1423 1269 1662 1334 Φορμίωνι
1701 1271 1778 1318 καὶ

257 1350 515 1417 Λυσιθείδῃ
573 1353 648 1400 καὶ
707 1351 1040 1419 Καλλαίσχρῳ
1099 1352 1173 1401 καὶ
1232 1356 1326 1403 τοῖς
1385 1350 1777 1414 πλουσιωτάτοις,

257 1431 490 1500 εἰσφέρων
535 1432 618 1482 οὑκ
662 1432 755 1483 ἀπὸ
802 1432 1106 1499 ὑπαρχούσης
1151 1430 1349 1486 ᾶοὺσίας
1397 1431 1508 1496 (ὑπὸ
1549 1431 1643 1498 γὰρ
1681 1437 1776 1483 τῶν
1792 1454 1828 1485 15

257 1515 520 1581 ἐπιτρόπων
555 1515 924 1582 ἀπεστερήμην),
956 1518 1064 1566 ἀλλ’
1094 1515 1188 1566 ἀπὸ
1222 1519 1305 1579 τῆς
1341 1515 1482 1584 δόξης
1516 1514 1581 1565 ὧν
1617 1518 1641 1566 ὁ
1676 1539 1770 1567 πα-

256 1598 344 1664 τήρ
389 1621 468 1662 μοι
513 1598 735 1650 κατέλιπε
779 1603 854 1650 καὶ
900 1598 964 1650 ὧν
1010 1601 1186 1649 δίκαιον
1230 1598 1287 1663 ἧν
1332 1622 1388 1661 με
1433 1598 1778 1662 δοκιμασθέντα

257 1683 564 1745 κομίσασθαι.
630 1682 722 1747 ἐγὼ
768 1682 853 1746 μὲν
891 1683 1004 1733 θοῦν
1048 1684 1193 1736 οὕτως
1237 1684 1342 1745 ὑμῖν
1384 1684 1778 1749 προσενήνεγμαι,

1333 1764 1624 1832 ῐσυμμορίας
1662 1767 1771 1831 ἦγε-

255 1850 358 1913 μὼν
383 1850 590 1915 γέγονεν,
617 1849 748 1900 οὐδὲν
778 1854 872 1899 τῶν
902 1849 1134 1918 πατρῴων
1168 1852 1504 1915 ἀποστερηθεὶς
1539 1851 1612 1901 ὑπ’
1641 1851 1770 1901 οὐδε·
1790 1874 1831 1895 20

258 1767 456 1819 Μειδίας
492 1765 541 1816 δὲ
578 1771 709 1827 πῶςς
763 1767 943 1817 οὐδέπω
982 1768 1058 1816 καὶ
1096 1766 1296 1831 τήμερον

257 1932 348 1996 νὸς,
374 1933 505 1983 ἀλλὰ
535 1932 666 1998 παρὰ
697 1939 780 1984 τοῦ
817 1932 995 1999 πατρὸς
1029 1933 1220 1997 πολλὴν
1255 1934 1422 1983 οὐσίαν
1457 1934 1772 1999 παραλαβών.

258 2018 326 2070 τίς
362 2017 443 2067 οὖν
477 2019 643 2067 ἕέστῖν
678 2017 706 2080 ἡ
745 2016 1038 2083 λαμπρότης,
1073 2015 1101 2081 ἢ
1138 2018 1256 2069 τίνες
1296 2021 1340 2067 αἱ
1380 2017 1664 2083 λειτουργίαι
1702 2020 1779 2068 καὶ

256 2100 316 2151 τὰ
354 2100 509 2164 σεμνὰ
551 2101 842 2164 ἀναλώματα
880 2099 973 2150 1’τοὶ
1016 2099 1217 2160 τούτου;
1273 2099 1364 2164 ἐγὼ
1410 2099 1494 2162 μὲν
1533 2099 1651 2166 ἰγοὶρ
1691 2103 1778 2168 οὐχ

257 2185 365 2249 ὁρῶ,
385 2184 515 2247 πλὴν
541 2189 577 2233 εὶ
603 2183 751 2233 ταῦτά
777 2206 845 2236 τις
872 2187 1045 2249 θεωρεῖ·
1083 2185 1230 2233 οὶκίαν
1258 2182 1551 2251 ᾠκοδόμηκεν
1578 2183 1775 2235 ’(Ἐλευ-

256 2273 354 2318 σῖνι
392 2267 630 2329 τοσαύτην
668 2266 791 2317 ὥστε
829 2271 979 2317 πᾶσιν
1011 2269 1274 2317 ἐπισκοτεῖν
1306 2272 1402 2320 τοῖς
1441 2269 1488 2316 ἐν
1525 2272 1592 2336 τῷ
1629 2267 1826 2337 τόπῳ,α5

257 2353 333 2402 καὶ
382 2355 443 2404 εἰς
493 2349 731 2416 μυστήρια
782 2350 867 2414 τὴν
917 2351 1094 2415 γυναῖκ’
1146 2350 1258 2416 ἄγει,
1312 2349 1400 2401 κᾶν
1451 2352 1642 2402 ἄλλοσέ
1692 2376 1774 2404 ποι

311 2485 330 2513 q
350 2478 535 2525 τάλαντον]
559 2480 734 2513 ταλάντων
756 2479 790 2513 S.
874 2485 888 2503 Γ
908 2475 996 2524 εἶτα]
1022 2480 1135 2512 ἔπειτα
1156 2480 1265 2513 A.k.1·.
1342 2485 1356 2504 S
1377 2482 1603 2528 πληρώματα]
1628 2483 1669 2516 τὰ
1689 2485 1777 2527 πλη-

256 2534 393 2578 ρώματα
416 2533 558 2566 F.k.t.v.
580 2539 614 2566 et
633 2544 702 2566 rec.
726 2532 761 2566 S.
864 2531 878 2556 t
896 2533 1016 2577 μηδὲν]
1041 2533 1164 2575 μηδένα
1188 2533 1270 2566 S.Y.
1373 2539 1392 2557 Π
1413 2534 1543 2570 ἀτελεῖς
1562 2536 1775 2570 A.P.S.Y.k.

256 2599 316 2620 r.s.
357 2586 557 2631 Legebatur
576 2585 725 2619 ἀτελέσι.
875 2591 892 2609 x
915 2587 1022 2618 πλέον
1041 2586 1116 2619 ἐστὶ
1135 2588 1258 2632 πολλῷ
1277 2587 1391 2621 A.S.r.
1422 2589 1541 2621 πλεῖόν
1561 2589 1636 2622 ἐστι
1655 2591 1778 2636 πολλῷ

258 2639 425 2673 P.Y.O.s.
467 2639 542 2672 ἐστὶ
567 2640 688 2672 πολλῶ
711 2638 901 2683 (adscripto
921 2651 989 2672 rec.
1013 2639 1048 2671 in
1069 2639 1224 2683 margine
1248 2640 1356 2673 λείπει
1376 2641 1415 2673 τὸ
1434 2642 1562 2683 μεῖζον)
1583 2642 1617 2676 k.
1656 2644 1778 2689 πολλῷ

255 2693 376 2726 πλεῖόν
395 2692 491 2726 ἐστιν
511 2692 628 2737 vulgo.
720 2698 737 2724 Υ
759 2692 847 2738 αὐτῷ
867 2704 935 2725 om.
958 2692 992 2725 S.
1014 2698 1094 2737 post
1114 2692 1220 2735 δήπου
1241 2699 1377 2738 ponunt
1397 2693 1552 2728 A.F.k.r.
1640 2700 1658 2718 Ζ
1677 2695 1769 2741 ἔχοι]

255 2746 316 2790 ἕχη
336 2751 400 2780 tx.
486 2750 504 2770 ³
523 2744 558 2779 τί
575 2746 621 2778 ἔτι
643 2757 711 2779 om.
733 2746 773 2778 A.
796 2751 830 2778 ct
851 2757 901 2789 pr.
923 2746 958 2779 k.
1052 2742 1069 2769 b
1089 2744 1259 2791 εἱστίακα]
1285 2746 1423 2779 ἑστίακα
1444 2747 1555 2781 A.k.r.
1641 2753 1656 2772 ⁰
1676 2749 1773 2782 οὐδέ-

255 2798 353 2844 τερα]
379 2798 556 2843 οὐδέτερον
577 2810 602 2832 r.
714 2800 727 2817 ‘²
749 2797 884 2842 οὐσίας]
909 2796 1015 2833 αἰτίας
1037 2811 1064 2831 r.
1173 2804 1188 2822 Ε
1208 2797 1268 2832 οὖν
1287 2811 1356 2832 om.
1378 2806 1439 2833 t.v.
1551 2798 1566 2824 s
1584 2801 1774 2845 συμμορίας

255 2851 405 2897 ἡγεμὼν]
430 2851 563 2896 ἡγεμὼν
583 2851 772 2895 συμμορίας
792 2851 901 2885 A.k.r.
1001 2857 1020 2883 Ιζ
1040 2852 1135 2885 ἐστὶν
1154 2863 1223 2885 om.
1247 2852 1349 2886 F.t.V.
1450 2849 1467 2876 ¹¹
1488 2854 1529 2886 τὰ
1549 2865 1619 2888 οῐῐι.
1643 2853 1770 2888 F.P.S.

255 2904 443 2939 Y.O.s.t.v.
528 2901 536 2929 i
557 2905 623 2950 γὰρ
643 2916 712 2938 οιῐι.
734 2904 803 2939 A.k
820 2916 848 2938 r.
940 2900 959 2927 k
980 2903 1170 2950 Ἐλευσῖνι]
1196 2905 1231 2938 ἐν
1249 2905 1398 2938 ἐλευσῖνι
1420 2905 1639 2940 A.F.k.r.t.v.
