1954 3273
62 169 213 225 -596,
229 185 283 209 ει.
643 171 785 208 ΚΑΤΑ
819 171 1229 208 ΑΝΔΡΟΤΙΩΝΟΣ.
1617 168 1700 210 625

123 302 172 330 10
258 283 376 347 Περὶ
400 281 555 331 τοίνυν
579 286 662 331 τοῦ
689 281 832 343 νόμου
858 287 940 331 τοῦ
968 281 1220 346 διαρρήδην
1240 283 1322 331 οὐκ
1348 283 1516 335 ἐῶντος
1533 282 1699 350 ἐξεῖναι
1716 302 1754 322 ²0

182 364 246 429 μὴ
272 363 568 431 ποιησαμένῃ
593 368 651 431 τῇ
676 367 832 431 βουλῇ
858 363 941 418 τὰς
968 363 1166 430 τριήρεις
1187 368 1378 428 αἰτῆσαι
1405 365 1490 429 τὴν
1510 365 1700 432 δωρεὰν,

183 446 316 516 ἄξιόν
341 449 472 498 ἐστιν
503 449 704 498 ἀκοῦσαι
739 446 824 511 τὴν
851 448 1115 512 ἀπολογίαν
1142 447 1199 511 ἢν
1225 447 1487 512 ποιήσεται,
1515 451 1591 499 καὶ
1618 454 1697 499 θε-

183 534 365 597 ωρῆσαι
402 530 488 594 τὴν
514 532 747 581 ἀναίδειαν
785 536 868 581 τοῦ
901 531 1078 596 τρόπου
1116 532 1173 581 δι’
1204 530 1268 582 ῶν
1303 534 1504 600 ἐγχειρεῖ
1532 532 1700 597 λέγειν.

184 616 209 665 ὁ
249 615 401 678 νόμος,
428 617 594 683 φησὶν,
621 616 703 666 οὐκ
743 617 796 684 ἐᾷ
833 614 919 678 τὴν
952 613 1134 678 βουλὴν
1161 619 1351 678 αἰτῆσαι
1389 617 1475 679 τὴν
1510 616 1702 682 δωρεὰν,

183 698 262 749 ε’ἀν
311 697 376 762 μὴ
426 699 682 763 ποιήσηται
731 698 814 752 τὰς
865 697 1075 765 τριήρεις·
1124 701 1360 765 ὁμολογῶ.
1421 702 1580 750 δοῦναι
1631 699 1701 750 Εδὲ
1716 721 1754 749 25

183 781 427 846 Ῑούδαμοῦ,
480 785 617 851 φησὶ,
667 781 871 833 ἕκωλύει
914 782 996 833 τὸν
1041 786 1205 846 δῆμον.
1267 783 1359 849 ἐγῶ
1403 783 1496 848 1ὶδὴ
1538 788 1575 834 εἰ
1619 784 1703 847 μὲν

183 867 310 917 ἔδωκ’
340 866 552 935 αἰτούσῃ,
577 865 707 933 παρὰ
732 865 814 917 τὸν
851 866 994 929 νόμον
1029 867 1203 932 ε’ίρηκα·
1247 872 1283 918 εἷ
1319 867 1368 918 δὲ
1402 866 1468 931 μὴ
1502 869 1698 932 πεποίη-

183 973 267 1014 μαι
304 951 465 1013 μνείαν
503 953 608 1017 περὶ
639 954 733 1001 τῶν
773 954 888 1000 νεῶν
923 952 971 1000 ἐν
1009 953 1107 1020 ὅλῳ
1147 955 1214 1019 τῷ
1258 953 1555 1020 ψηφίσματι,
1591 955 1703 1002 ἀλλ’

184 1035 295 1100 ἕτερ’
337 1034 457 1085 ἅττα
498 1034 623 1100 λέγω
665 1035 719 1085 δι’
749 1032 780 1084 ἃ
817 1033 902 1097 τὴν
935 1034 1117 1098 βουλὴν
1157 1039 1396 1104 στεφανῶ,
1436 1040 1536 1088 πῶς
1574 1035 1803 1102 παρά596

124 1143 168 1170 11
185 1118 267 1171 τὸν
290 1118 434 1181 νόμον
460 1119 617 1185 ε’ίρηκα
641 1141 651 1179 ;
692 1119 794 1170 ε”στι
822 1118 896 1182 ἰδὴ
923 1119 1042 1186 πρὸς
1077 1122 1204 1171 ταῦτ’
1235 1122 1288 1172 οὐ
1315 1120 1528 1188 χαλεπὸν
1554 1120 1613 1171 τὰ
1639 1122 1706 1172 δί-

185 1226 291 1253 καια
319 1204 425 1266 ὑμῖν
452 1205 694 1265 ἀντειπεῖν,
719 1202 790 1253 ὅτι
827 1207 1016 1268 πρῶτον
1046 1202 1131 1266 μὲν
1157 1207 1197 1254 οἱ
1231 1204 1587 1270 προεδρεύοντες
1624 1208 1706 1268 τῆς

185 1290 363 1351 βουλῆς
403 1290 478 1337 καὶ
514 1289 541 1337 ὁ
579 1289 705 1337 ταῦτ’
740 1287 1043 1355 ἐπιψηφίζων
1076 1286 1361 1352 Κέπιστοῖτης
1401 1288 1593 1353 ἠρώτων
1631 1292 1708 1339 καὶ

186 1371 549 1438 διαχειροτονίαν
572 1371 805 1432 ἐδίδοσαν,
834 1370 926 1439 ὅτῳ
962 1374 1089 1421 δοκεῖ
1117 1374 1289 1437 δωρεᾶς
1327 1371 1470 1439 ἀξίως
1497 1372 1524 1435 ἡ
1551 1371 1736 1436 βουλὴ5

187 1454 544 1516 βεβουλευκέναι
585 1456 660 1504 καὶ
693 1453 785 1523 ὅτῳ
821 1453 902 1518 μή·
945 1455 1093 1505 καίτοι
1131 1454 1239 1507 τούς
1277 1477 1330 1519 γε
1366 1454 1431 1518 μὴ
1464 1459 1708 1509 αἰτοῦντας

188 1538 303 1603 μηδὲ
327 1538 511 1599 1λαβεῖν
537 1539 784 1607 ἀξιοῦντας
823 1536 910 1601 τὴν
937 1537 1087 1604 ἀρχὴν
1122 1539 1214 1588 οὐδ’
1244 1539 1480 1602 ἐπερωτᾶν
1506 1546 1703 1605 ηἤτροσ-

130 1625 311 1686 ῐαῆκεν.
351 1622 470 1689 πρὸς
508 1624 663 1673 τοίνυν
687 1623 868 1676 τούτοις
899 1623 1029 1673 ἔστιν
1056 1620 1086 1672 ἃ
1113 1623 1311 1673 Μειδίου
1337 1629 1710 1690 κατηγοροῦντος

190 1711 272 1771 τῆς
309 1710 490 1772 βουλῆς
528 1710 604 1758 καὶ
638 1707 805 1758 ἄλλων
839 1711 991 1769 τινῶν,
1019 1709 1349 1770 ἀναπηδῶντες
1381 1711 1423 1758 οἱ
1457 1710 1709 1767 βουλευταὶ
1727 1732 1763 1753 10

190 1792 368 1842 ἐδέοντο
406 1792 470 1856 μὴ
515 1796 647 1860 σφᾶς
684 1791 954 1859 ἀφελέσθαι
993 1790 1078 1854 τὴν
1115 1791 1307 1857 δωρεάν.
1352 1793 1427 1841 καὶ
1467 1797 1616 1841 ταῦτα
1657 1792 1710 1842 οὐ

189 1877 297 1942 παρ’
335 1878 447 1940 ἐμοῦ
485 1879 556 1926 δεῖ
588 1874 824 1926 πυθέσθαι
859 1873 966 1927 τοὺς
1002 1873 1271 1939 δικάζοντας
1308 1876 1438 1938 ὑμᾶς,
1478 1877 1590 1925 ἀλλ’
1622 1876 1707 1925 αὐ-

191 1962 262 2010 τοὶ
286 1959 515 2025 παρόντες
541 1966 560 1985 ¹¹
577 1959 681 2009 ’ίστε
720 1961 768 2009 ἐν
798 1962 865 2027 τῷ
896 1957 1027 2027 δήμῳ
1055 1957 1297 2024 γενόμενα.
1342 1957 1458 2009 ὥσθ’
1487 1958 1601 2008 ὅταν
1627 1958 1711 2022 μὲν

191 2042 256 2107 μὴ
295 2047 364 2111 φῇ
403 2043 489 2107 τὴν
527 2042 714 2107 βουλὴν
754 2048 910 2105 αἰτεῖν,
956 2045 1085 2093 ταῦθ’
1130 2042 1505 2106 ὑπολαμβάνετε·
1548 2042 1619 2093 ὅτι
1663 2042 1712 2093 δὲ

194 2127 296 2178 οὐδὲ
321 2127 403 2178 τὸν
428 2131 576 2191 δῆμον
601 2129 654 2195 ἐᾷ
679 2126 854 2178 διδόναι
879 2126 943 2191 μὴ
970 2127 1292 2195 οποιησαμένῃ
1320 2126 1403 2180 τὰς
1439 2132 1549 2180 ναῦς
1575 2128 1599 2176 ὁ
1628 2126 1708 2177 νό-
1728 2146 1762 2176 ¹5

135 2227 182 2269 13
196 2233 295 2273 μος,
329 2214 405 2262 καὶ
439 2213 559 2262 τοῦτ’
590 2211 819 2280 ἐπιδείξω.
863 2209 939 2261 διὰ
972 2216 1120 2261 ταῦτα
1155 2210 1262 2276 γὰρ,
1289 2209 1326 2260 ῶ
1359 2211 1522 2276 ἄνδρες
1558 2215 1708 2274 Ἀθη-

197 2299 324 2357 ναῖοι,
351 2300 516 2346 τοῦτον
540 2295 634 2363 ἔχει
659 2296 742 2346 τὸν
762 2294 938 2361 τρόπον
959 2295 986 2344 ὁ
1013 2295 1167 2358 νόμος,
1188 2294 1252 2358 μὴ
1280 2295 1448 2363 ἐξεῖναι
1473 2298 1531 2362 τῇ
1557 2298 1711 2362 βουλῇ

194 2377 259 2442 μὴ
284 2379 578 2447 ποιησαμένῃ
602 2379 686 2432 τὰς
711 2378 909 2445 τριήρεις
935 2381 1127 2442 αἰτῆσαι
1161 2378 1246 2442 τὴν
1279 2377 1469 2445 δωρεὰν,
1496 2378 1570 2428 ἵνα
1595 2377 1712 2442 μηδὲ

191 2466 445 2526 πεισθῆναι
489 2464 594 2526 μηδ’
635 2462 986 2531 ἐξαπατηθῆναι
1026 2461 1191 2527 γένοιτ’
1239 2464 1313 2513 ἐπὶ
1354 2466 1420 2530 τῷ
1465 2461 1612 2530 δήμῳ.
1657 2462 1710 2512 οὐ
1724 2481 1764 2502 20

197 2543 290 2610 γὰρ
315 2543 430 2614 ᾤετο
456 2548 550 2596 δεῖν
575 2547 600 2596 ὁ
627 2547 765 2598 τιθεὶς
790 2544 872 2595 τὸν
899 2544 1042 2607 νόμον
1069 2547 1140 2596 ἐπὶ
1165 2550 1222 2612 τῇ
1248 2550 1342 2596 τῶν
1369 2544 1607 2609 λεγόντων
1633 2547 1711 2595 δυ-

252 2708 269 2727 e
288 2703 323 2737 δέ
343 2703 538 2738 F.S.Y.t.V.
570 2702 769 2748 Legebatur
789 2702 827 2736 δέ
845 2716 896 2747 γε.
1056 2699 1065 2721 s
1082 2702 1231 2745 οὐδαμοῦ
1252 2702 1360 2747 φησὶ]
1387 2701 1495 2745 φησὶν
1515 2701 1663 2743 οὐδαμοῦ
1683 2706 1710 2735 t.

196 2761 221 2789 g
241 2754 376 2801 κωλύει]
402 2755 542 2790 κωλύειν
563 2755 759 2791 S.Y.O.t.v.
880 2752 900 2779 h
920 2754 960 2798 δὴ
982 2754 1175 2802 ΒΕΙὶΙςεῐ-με.
1206 2755 1406 2800 Legebatur
1425 2752 1466 2787 δ’.
1579 2751 1587 2777 i
1610 2754 1649 2796 δὴ
1671 2754 1710 2788 F.

198 2808 458 2843 S.Y.O.r.s.t.v.
488 2809 688 2855 Legebatur
708 2808 757 2841 δέ.
892 2804 914 2831 k
934 2807 1134 2853 ἐπιστάτης]
1159 2808 1214 2841 ἐπὶ
1233 2807 1355 2851 ταύτης
1376 2807 1419 2841 O.
1561 2802 1572 2829 l
1591 2808 1711 2846 λαβεῖν

198 2860 392 2908 ἀξιοῦντας]
416 2862 592 2907 ἀξιοῦντας
610 2862 730 2901 λαβεῖν
750 2861 853 2895 F.t.v.
982 2866 1013 2885 m
1033 2860 1222 2906 προσῆκεν]
1246 2859 1411 2905 προσήκει
1430 2860 1461 2892 A
1474 2860 1509 2892 k.
1540 2861 1711 2904 προσῆκεν

199 2915 278 2948 οὐδὲ
299 2913 333 2948 ἓν
352 2915 459 2958 δήπου
477 2929 533 2961 γρ.
557 2915 592 2949 S.
622 2914 763 2948 librario
783 2914 827 2947 ad
845 2926 879 2959 p.
902 2920 992 2960 595,
1015 2924 1051 2958 3.
1074 2914 1268 2948 aberrante.
1411 2918 1431 2936 Π
1459 2910 1553 2956 ἰ’στε]
1574 2911 1651 2946 ἴστε
1670 2913 1711 2946 τὰ

201 2967 353 3002 A.F.k.r.
464 2973 482 2993 ⁰
502 2966 729 3013 ποιησαμένῃ]
752 2966 994 3011 ποιησαμένοις
1014 2966 1268 3002 F.S.Y.r.s.t.v.

924 3039 995 3065 112
