<?xml version="1.0" encoding="UTF-8"?>
<!DOCTYPE html PUBLIC "-//W3C//DTD XHTML 1.0 Transitional//EN"
    "http://www.w3.org/TR/xhtml1/DTD/xhtml1-transitional.dtd">
<html xmlns="http://www.w3.org/1999/xhtml" xml:lang="en" lang="en">
 <head>
  <title>
</title>
<meta http-equiv="Content-Type" content="text/html;charset=utf-8" />
  <meta name='ocr-system' content='tesseract 3.04.00' />
  <meta name='ocr-capabilities' content='ocr_page ocr_carea ocr_par ocr_line ocrx_word'/>
</head>
<body>
  <div class='ocr_page' id='page_1' title='image "./operaexrecension02demouoft_0125.png"; bbox 0 0 1954 3273; ppageno 0'>
   <div class='ocr_carea' id='block_1_1' title="bbox 30 152 1670 212">
    <p class='ocr_par' dir='ltr' id='par_1_1' title="bbox 30 152 1670 212">
     <span class='ocr_line' id='line_1_1' title="bbox 30 152 1670 212; baseline 0.002 -22"><span class='ocrx_word' id='word_1_1' title='bbox 30 157 184 212; x_wconf 68' lang='lat'><em>-568,</em></span> <span class='ocrx_word' id='word_1_2' title='bbox 199 171 251 195; x_wconf 74' lang='grc' dir='ltr'>ειο.</span> <span class='ocrx_word' id='word_1_3' title='bbox 701 155 842 192; x_wconf 86' lang='grc' dir='ltr'>ΚΑΤΑ</span> <span class='ocrx_word' id='word_1_4' title='bbox 875 155 1124 192; x_wconf 76' lang='grc' dir='ltr'><strong>ΜΕΙΔΙΟὙ.</strong></span> <span class='ocrx_word' id='word_1_5' title='bbox 1586 152 1670 195; x_wconf 78' lang='lat'>597</span> 
     </span>
    </p>
   </div>
   <div class='ocr_carea' id='block_1_2' title="bbox 61 264 1768 1088">
    <p class='ocr_par' dir='ltr' id='par_1_2' title="bbox 61 264 1768 837">
     <span class='ocr_line' id='line_1_2' title="bbox 61 264 1669 331; baseline -0.001 -15"><span class='ocrx_word' id='word_1_6' title='bbox 61 276 139 317; x_wconf 89' lang='lat'>208</span> <span class='ocrx_word' id='word_1_7' title='bbox 154 269 226 320; x_wconf 79' lang='grc' dir='ltr'>ἄν.</span> <span class='ocrx_word' id='word_1_8' title='bbox 269 269 321 318; x_wconf 85' lang='grc' dir='ltr'>οὐ</span> <span class='ocrx_word' id='word_1_9' title='bbox 346 265 440 330; x_wconf 85' lang='grc' dir='ltr'>μὴν</span> <span class='ocrx_word' id='word_1_10' title='bbox 461 264 727 331; x_wconf 86' lang='grc' dir='ltr'>Νικήρατός</span> <span class='ocrx_word' id='word_1_11' title='bbox 752 287 805 330; x_wconf 93' lang='grc' dir='ltr'>γε</span> <span class='ocrx_word' id='word_1_12' title='bbox 825 266 1002 317; x_wconf 71' lang='grc' dir='ltr'>ιιοὕτως</span> <span class='ocrx_word' id='word_1_13' title='bbox 1023 265 1048 314; x_wconf 85' lang='grc' dir='ltr'>ὁ</span> <span class='ocrx_word' id='word_1_14' title='bbox 1069 271 1184 315; x_wconf 69' lang='grc' dir='ltr'>Χτοῦ</span> <span class='ocrx_word' id='word_1_15' title='bbox 1210 265 1407 316; x_wconf 71' lang='grc' dir='ltr'>ΥΝικίου</span> <span class='ocrx_word' id='word_1_16' title='bbox 1427 264 1669 330; x_wconf 82' lang='grc' dir='ltr'>ἀγαπητὸς</span> 
     </span>
     <span class='ocr_line' id='line_1_3' title="bbox 152 348 1721 417; baseline -0.001 -14"><span class='ocrx_word' id='word_1_17' title='bbox 152 358 275 415; x_wconf 81' lang='grc' dir='ltr'>παῖς,</span> <span class='ocrx_word' id='word_1_18' title='bbox 317 353 341 401; x_wconf 86' lang='grc' dir='ltr'>ὁ</span> <span class='ocrx_word' id='word_1_19' title='bbox 385 349 692 402; x_wconf 81' lang='grc' dir='ltr'>παντάπασιν</span> <span class='ocrx_word' id='word_1_20' title='bbox 734 348 936 412; x_wconf 81' lang='grc' dir='ltr'>ἀσθενὴς</span> <span class='ocrx_word' id='word_1_21' title='bbox 978 353 1044 417; x_wconf 73' lang='grc' dir='ltr'>τῷ</span> <span class='ocrx_word' id='word_1_22' title='bbox 1087 348 1291 412; x_wconf 83' lang='grc' dir='ltr'>σώματι·</span> <span class='ocrx_word' id='word_1_23' title='bbox 1343 350 1437 400; x_wconf 82' lang='grc' dir='ltr'>οὐδ’</span> <span class='ocrx_word' id='word_1_24' title='bbox 1480 349 1721 412; x_wconf 66' lang='grc' dir='ltr'>Εὐκτή-Ζ5</span> 
     </span>
     <span class='ocr_line' id='line_1_4' title="bbox 151 431 1670 499; baseline -0.003 -12"><span class='ocrx_word' id='word_1_25' title='bbox 151 459 254 499; x_wconf 88' lang='grc' dir='ltr'>μων</span> <span class='ocrx_word' id='word_1_26' title='bbox 289 437 313 485; x_wconf 83' lang='grc' dir='ltr'>ὁ</span> <span class='ocrx_word' id='word_1_27' title='bbox 352 440 434 485; x_wconf 85' lang='grc' dir='ltr'>τοῦ</span> <span class='ocrx_word' id='word_1_28' title='bbox 472 434 718 493; x_wconf 78' lang='grc' dir='ltr'>Αἰσίωνος,</span> <span class='ocrx_word' id='word_1_29' title='bbox 755 433 842 499; x_wconf 82' lang='grc' dir='ltr'>οὐχ</span> <span class='ocrx_word' id='word_1_30' title='bbox 876 433 1038 484; x_wconf 76' lang='grc' dir='ltr'>οὕτως·</span> <span class='ocrx_word' id='word_1_31' title='bbox 1085 433 1176 482; x_wconf 80' lang='grc' dir='ltr'>οὐδ’</span> <span class='ocrx_word' id='word_1_32' title='bbox 1213 431 1489 496; x_wconf 79' lang='grc' dir='ltr'>Εὐθύδημος</span> <span class='ocrx_word' id='word_1_33' title='bbox 1525 433 1549 481; x_wconf 83' lang='grc' dir='ltr'><em>ὁ</em></span> <span class='ocrx_word' id='word_1_34' title='bbox 1589 438 1670 482; x_wconf 85' lang='grc' dir='ltr'>τοῦ</span> 
     </span>
     <span class='ocr_line' id='line_1_5' title="bbox 154 514 1672 586; baseline -0.005 -15"><span class='ocrx_word' id='word_1_35' title='bbox 154 517 518 586; x_wconf 77' lang='grc' dir='ltr'>Στρατοκλέους·</span> <span class='ocrx_word' id='word_1_36' title='bbox 563 518 672 567; x_wconf 86' lang='grc' dir='ltr'>ἀλλ’</span> <span class='ocrx_word' id='word_1_37' title='bbox 703 517 856 566; x_wconf 79' lang='grc' dir='ltr'>αὐτῶν</span> <span class='ocrx_word' id='word_1_38' title='bbox 895 515 1094 568; x_wconf 81' lang='grc' dir='ltr'>ἕκαστος</span> <span class='ocrx_word' id='word_1_39' title='bbox 1132 514 1248 566; x_wconf 79' lang='grc' dir='ltr'>ἑκὼν</span> <span class='ocrx_word' id='word_1_40' title='bbox 1287 515 1470 569; x_wconf 75' lang='grc' dir='ltr'>ἐπιδοὺς</span> <span class='ocrx_word' id='word_1_41' title='bbox 1507 515 1672 581; x_wconf 84' lang='grc' dir='ltr'>τριήρη</span> 
     </span>
     <span class='ocr_line' id='line_1_6' title="bbox 153 599 1666 671; baseline -0.002 -17"><span class='ocrx_word' id='word_1_42' title='bbox 153 604 236 654; x_wconf 81' lang='grc' dir='ltr'>οὐκ</span> <span class='ocrx_word' id='word_1_43' title='bbox 262 603 440 668; x_wconf 76' lang='grc' dir='ltr'>ἀπέδρα</span> <span class='ocrx_word' id='word_1_44' title='bbox 465 601 642 668; x_wconf 89' lang='grc' dir='ltr'>Ζταύτῃ</span> <span class='ocrx_word' id='word_1_45' title='bbox 671 600 756 664; x_wconf 88' lang='grc' dir='ltr'>τὴν</span> <span class='ocrx_word' id='word_1_46' title='bbox 782 600 1077 666; x_wconf 70' lang='grc' dir='ltr'>ηστρατείαν,</span> <span class='ocrx_word' id='word_1_47' title='bbox 1104 599 1234 650; x_wconf 75' lang='grc' dir='ltr'>ἀλλὰ</span> <span class='ocrx_word' id='word_1_48' title='bbox 1268 600 1353 664; x_wconf 88' lang='grc' dir='ltr'>τὴν</span> <span class='ocrx_word' id='word_1_49' title='bbox 1387 600 1471 663; x_wconf 80' lang='grc' dir='ltr'>μὲν</span> <span class='ocrx_word' id='word_1_50' title='bbox 1509 600 1556 671; x_wconf 74' lang='lat' dir='ltr'>[b</span> <span class='ocrx_word' id='word_1_51' title='bbox 1568 601 1666 651; x_wconf 81' lang='grc' dir='ltr'>ε’πί-</span> 
     </span>
     <span class='ocr_line' id='line_1_7' title="bbox 154 685 1768 757; baseline -0.004 -20"><span class='ocrx_word' id='word_1_52' title='bbox 154 685 319 757; x_wconf 80' lang='grc' dir='ltr'>δοσιν]</span> <span class='ocrx_word' id='word_1_53' title='bbox 361 688 409 736; x_wconf 86' lang='grc' dir='ltr'>ἐν</span> <span class='ocrx_word' id='word_1_54' title='bbox 447 685 636 753; x_wconf 83' lang='grc' dir='ltr'>χάριτος</span> <span class='ocrx_word' id='word_1_55' title='bbox 677 685 803 750; x_wconf 78' lang='grc' dir='ltr'>με’ρει</span> <span class='ocrx_word' id='word_1_56' title='bbox 843 685 916 734; x_wconf 73' lang='grc' dir='ltr'>καὶ</span> <span class='ocrx_word' id='word_1_57' title='bbox 956 686 1128 750; x_wconf 83' lang='grc' dir='ltr'>δωρεᾶς</span> <span class='ocrx_word' id='word_1_58' title='bbox 1165 689 1390 751; x_wconf 81' lang='grc' dir='ltr'>παρεῖχον</span> <span class='ocrx_word' id='word_1_59' title='bbox 1428 685 1672 734; x_wconf 72' lang='grc' dir='ltr'>πλέουσαν</span> <span class='ocrx_word' id='word_1_60' title='bbox 1685 692 1768 745; x_wconf 82' lang='lat'>568</span> 
     </span>
     <span class='ocr_line' id='line_1_8' title="bbox 154 767 1674 837; baseline -0.001 -16"><span class='ocrx_word' id='word_1_61' title='bbox 154 775 212 837; x_wconf 83' lang='grc' dir='ltr'>τῇ</span> <span class='ocrx_word' id='word_1_62' title='bbox 260 769 411 831; x_wconf 86' lang='grc' dir='ltr'>πόλει,</span> <span class='ocrx_word' id='word_1_63' title='bbox 456 769 541 819; x_wconf 69' lang='grc' dir='ltr'>εοὗ</span> <span class='ocrx_word' id='word_1_64' title='bbox 590 769 629 819; x_wconf 87' lang='grc' dir='ltr'>δ’</span> <span class='ocrx_word' id='word_1_65' title='bbox 677 769 701 817; x_wconf 84' lang='grc' dir='ltr'>ὁ</span> <span class='ocrx_word' id='word_1_66' title='bbox 753 767 893 830; x_wconf 85' lang='grc' dir='ltr'>νόμος</span> <span class='ocrx_word' id='word_1_67' title='bbox 943 767 1276 833; x_wconf 76' lang='grc' dir='ltr'>προσέταττεν,</span> <span class='ocrx_word' id='word_1_68' title='bbox 1329 770 1529 819; x_wconf 82' lang='grc' dir='ltr'>ἐνταῦθα</span> <span class='ocrx_word' id='word_1_69' title='bbox 1578 774 1674 822; x_wconf 78' lang='grc' dir='ltr'>τοῖς</span> 
     </span>
    </p>

    <p class='ocr_par' dir='ltr' id='par_1_3' title="bbox 62 851 1706 1088">
     <span class='ocr_line' id='line_1_9' title="bbox 62 851 1671 920; baseline 0 -17"><span class='ocrx_word' id='word_1_70' title='bbox 62 874 141 914; x_wconf 83' lang='lat'>209</span> <span class='ocrx_word' id='word_1_71' title='bbox 155 854 378 917; x_wconf 82' lang='grc' dir='ltr'>σώμασιν</span> <span class='ocrx_word' id='word_1_72' title='bbox 417 853 547 903; x_wconf 82' lang='grc' dir='ltr'>αὐτοὶ</span> <span class='ocrx_word' id='word_1_73' title='bbox 589 856 876 917; x_wconf 80' lang='grc' dir='ltr'>λειτουργεῖν</span> <span class='ocrx_word' id='word_1_74' title='bbox 914 851 1089 919; x_wconf 78' lang='grc' dir='ltr'>ἠξίουν.</span> <span class='ocrx_word' id='word_1_75' title='bbox 1156 853 1266 901; x_wconf 78' lang='grc' dir='ltr'>ἀλλ’</span> <span class='ocrx_word' id='word_1_76' title='bbox 1302 854 1389 920; x_wconf 82' lang='grc' dir='ltr'>οὐχ</span> <span class='ocrx_word' id='word_1_77' title='bbox 1429 853 1453 902; x_wconf 85' lang='grc' dir='ltr'><em>ὁ</em></span> <span class='ocrx_word' id='word_1_78' title='bbox 1492 853 1671 918; x_wconf 84' lang='grc' dir='ltr'>ἵππαρ-</span> 
     </span>
     <span class='ocr_line' id='line_1_10' title="bbox 154 933 1675 1004; baseline -0.001 -17"><span class='ocrx_word' id='word_1_79' title='bbox 154 960 238 1004; x_wconf 91' lang='grc' dir='ltr'>χος</span> <span class='ocrx_word' id='word_1_80' title='bbox 278 936 486 998; x_wconf 83' lang='grc' dir='ltr'>Μειδίας,</span> <span class='ocrx_word' id='word_1_81' title='bbox 527 935 657 986; x_wconf 82' lang='grc' dir='ltr'>ἀλλὰ</span> <span class='ocrx_word' id='word_1_82' title='bbox 695 933 780 998; x_wconf 87' lang='grc' dir='ltr'>τὴν</span> <span class='ocrx_word' id='word_1_83' title='bbox 819 936 867 984; x_wconf 83' lang='grc' dir='ltr'>ἐκ</span> <span class='ocrx_word' id='word_1_84' title='bbox 906 939 1001 985; x_wconf 80' lang='grc' dir='ltr'>τῶν</span> <span class='ocrx_word' id='word_1_85' title='bbox 1044 935 1199 998; x_wconf 88' lang='grc' dir='ltr'>νόμων</span> <span class='ocrx_word' id='word_1_86' title='bbox 1236 935 1372 1003; x_wconf 76' lang='grc' dir='ltr'>τάξιν</span> <span class='ocrx_word' id='word_1_87' title='bbox 1414 936 1582 998; x_wconf 80' lang='grc' dir='ltr'>λιπὼν,</span> <span class='ocrx_word' id='word_1_88' title='bbox 1621 936 1675 986; x_wconf 78' lang='grc' dir='ltr'>οὗ</span> 
     </span>
     <span class='ocr_line' id='line_1_11' title="bbox 154 1017 1706 1088; baseline -0.001 -16"><span class='ocrx_word' id='word_1_89' title='bbox 154 1021 286 1085; x_wconf 83' lang='grc' dir='ltr'>δίκην</span> <span class='ocrx_word' id='word_1_90' title='bbox 321 1022 501 1088; x_wconf 83' lang='grc' dir='ltr'>ὀφείλει</span> <span class='ocrx_word' id='word_1_91' title='bbox 539 1024 597 1087; x_wconf 83' lang='grc' dir='ltr'>τῇ</span> <span class='ocrx_word' id='word_1_92' title='bbox 635 1017 774 1070; x_wconf 90' lang='grc' dir='ltr'>πόλει</span> <span class='ocrx_word' id='word_1_93' title='bbox 810 1021 982 1081; x_wconf 80' lang='grc' dir='ltr'>δοῦναι,</span> <span class='ocrx_word' id='word_1_94' title='bbox 1017 1021 1138 1070; x_wconf 81' lang='grc' dir='ltr'>τοῦτ’</span> <span class='ocrx_word' id='word_1_95' title='bbox 1176 1021 1224 1069; x_wconf 86' lang='grc' dir='ltr'>ἐν</span> <span class='ocrx_word' id='word_1_96' title='bbox 1262 1021 1530 1086; x_wconf 79' lang='grc' dir='ltr'>εὐεργεσίας</span> <span class='ocrx_word' id='word_1_97' title='bbox 1569 1022 1706 1086; x_wconf 83' lang='grc' dir='ltr'>ἀρι-5</span> 
     </span>
    </p>
   </div>
   <div class='ocr_carea' id='block_1_3' title="bbox 155 1102 1677 1171">
    <p class='ocr_par' dir='ltr' id='par_1_4' title="bbox 155 1102 1677 1171">
     <span class='ocr_line' id='line_1_12' title="bbox 155 1102 1677 1171; baseline 0 -15"><span class='ocrx_word' id='word_1_98' title='bbox 155 1104 328 1169; x_wconf 88' lang='grc' dir='ltr'>θμήσει</span> <span class='ocrx_word' id='word_1_99' title='bbox 366 1105 508 1171; x_wconf 77' lang='grc' dir='ltr'>με’ρει.</span> <span class='ocrx_word' id='word_1_100' title='bbox 571 1104 719 1154; x_wconf 82' lang='grc' dir='ltr'>καίτοι</span> <span class='ocrx_word' id='word_1_101' title='bbox 757 1102 842 1167; x_wconf 86' lang='grc' dir='ltr'>τὴν</span> <span class='ocrx_word' id='word_1_102' title='bbox 877 1102 1095 1167; x_wconf 83' lang='grc' dir='ltr'>τοιαύτην</span> <span class='ocrx_word' id='word_1_103' title='bbox 1130 1105 1449 1171; x_wconf 84' lang='grc' dir='ltr'>τριηραρχίαν,</span> <span class='ocrx_word' id='word_1_104' title='bbox 1484 1102 1520 1154; x_wconf 76' lang='grc' dir='ltr'><em>ὦ</em></span> <span class='ocrx_word' id='word_1_105' title='bbox 1558 1104 1677 1170; x_wconf 81' lang='grc' dir='ltr'>πρὸς</span> 
     </span>
    </p>
   </div>
   <div class='ocr_carea' id='block_1_4' title="bbox 1449 1190 1463 1206">
    <p class='ocr_par' dir='ltr' id='par_1_5' title="bbox 1449 1190 1463 1206">
     <span class='ocr_line' id='line_1_13' title="bbox 1449 1190 1463 1206; baseline 0 0"><span class='ocrx_word' id='word_1_106' title='bbox 1449 1190 1463 1206; x_wconf 61' lang='lat' dir='ltr'>X</span> 
     </span>
    </p>
   </div>
   <div class='ocr_carea' id='block_1_5' title="bbox 156 1186 1674 1254">
    <p class='ocr_par' dir='ltr' id='par_1_6' title="bbox 156 1186 1674 1254">
     <span class='ocr_line' id='line_1_14' title="bbox 156 1186 1674 1254; baseline -0.001 -14"><span class='ocrx_word' id='word_1_107' title='bbox 156 1188 322 1251; x_wconf 63' lang='lat' dir='ltr'>dssecsm,</span> <span class='ocrx_word' id='word_1_108' title='bbox 360 1187 560 1254; x_wconf 87' lang='grc' dir='ltr'>πότερον</span> <span class='ocrx_word' id='word_1_109' title='bbox 598 1188 856 1238; x_wconf 69' lang='grc' dir='ltr'>ετελωνίαν</span> <span class='ocrx_word' id='word_1_110' title='bbox 901 1189 977 1237; x_wconf 79' lang='grc' dir='ltr'>καὶ</span> <span class='ocrx_word' id='word_1_111' title='bbox 1019 1187 1346 1251; x_wconf 89' lang='grc' dir='ltr'>πεντηκοστὴν</span> <span class='ocrx_word' id='word_1_112' title='bbox 1389 1211 1464 1238; x_wconf 91' lang='grc' dir='ltr'>και</span> <span class='ocrx_word' id='word_1_113' title='bbox 1506 1186 1674 1239; x_wconf 46' lang='grc' dir='ltr'>ἴλιπο-</span> 
     </span>
    </p>
   </div>
   <div class='ocr_carea' id='block_1_6' title="bbox 418 1274 432 1290">
    <p class='ocr_par' dir='ltr' id='par_1_7' title="bbox 418 1274 432 1290">
     <span class='ocr_line' id='line_1_15' title="bbox 418 1274 432 1290; baseline 0 0"><span class='ocrx_word' id='word_1_114' title='bbox 418 1274 432 1290; x_wconf 61' lang='lat' dir='ltr'>X</span> 
     </span>
    </p>
   </div>
   <div class='ocr_carea' id='block_1_7' title="bbox 156 1270 1678 1338">
    <p class='ocr_par' dir='ltr' id='par_1_8' title="bbox 156 1270 1678 1338">
     <span class='ocr_line' id='line_1_16' title="bbox 156 1270 1678 1338; baseline -0.001 -14"><span class='ocrx_word' id='word_1_115' title='bbox 156 1297 214 1324; x_wconf 93' lang='grc' dir='ltr'>τα</span> <span class='ocrx_word' id='word_1_116' title='bbox 251 1274 322 1323; x_wconf 92' lang='grc' dir='ltr'>ίαν</span> <span class='ocrx_word' id='word_1_117' title='bbox 359 1295 434 1322; x_wconf 90' lang='grc' dir='ltr'>και</span> <span class='ocrx_word' id='word_1_118' title='bbox 469 1271 754 1338; x_wconf 58' lang='grc' dir='ltr'>ἕστρατειάς</span> <span class='ocrx_word' id='word_1_119' title='bbox 789 1270 1055 1336; x_wconf 85' lang='grc' dir='ltr'>ἀπόδρασιν</span> <span class='ocrx_word' id='word_1_120' title='bbox 1089 1273 1164 1321; x_wconf 83' lang='grc' dir='ltr'>καὶ</span> <span class='ocrx_word' id='word_1_121' title='bbox 1202 1270 1359 1322; x_wconf 79' lang='grc' dir='ltr'>πάντα</span> <span class='ocrx_word' id='word_1_122' title='bbox 1392 1271 1452 1322; x_wconf 78' lang='grc' dir='ltr'>τὰ</span> <span class='ocrx_word' id='word_1_123' title='bbox 1486 1278 1678 1323; x_wconf 82' lang='grc' dir='ltr'>τοιαῦτα</span> 
     </span>
    </p>
   </div>
   <div class='ocr_carea' id='block_1_8' title="bbox 158 1354 1733 1423">
    <p class='ocr_par' dir='ltr' id='par_1_9' title="bbox 158 1354 1733 1423">
     <span class='ocr_line' id='line_1_17' title="bbox 158 1354 1733 1423; baseline -0.001 -16"><span class='ocrx_word' id='word_1_124' title='bbox 158 1354 375 1423; x_wconf 85' lang='grc' dir='ltr'>ἁρμόττει</span> <span class='ocrx_word' id='word_1_125' title='bbox 401 1359 576 1418; x_wconf 83' lang='grc' dir='ltr'>καλεῖν,</span> <span class='ocrx_word' id='word_1_126' title='bbox 603 1354 631 1419; x_wconf 76' lang='grc' dir='ltr'>ἢ</span> <span class='ocrx_word' id='word_1_127' title='bbox 660 1355 934 1423; x_wconf 87' lang='grc' dir='ltr'>φιλοτιμίαν</span> <span class='ocrx_word' id='word_1_128' title='bbox 956 1377 968 1416; x_wconf 79' lang='lat'>3</span> <span class='ocrx_word' id='word_1_129' title='bbox 1012 1355 1175 1405; x_wconf 66' lang='grc' dir='ltr'>οὐδένα</span> <span class='ocrx_word' id='word_1_130' title='bbox 1201 1354 1294 1421; x_wconf 76' lang='grc' dir='ltr'>γὰρ</span> <span class='ocrx_word' id='word_1_131' title='bbox 1321 1354 1497 1422; x_wconf 83' lang='grc' dir='ltr'>τρόπον</span> <span class='ocrx_word' id='word_1_132' title='bbox 1523 1356 1678 1406; x_wconf 74' lang='grc' dir='ltr'>ἄλλον</span> <span class='ocrx_word' id='word_1_133' title='bbox 1695 1379 1733 1400; x_wconf 84' lang='lat'>10</span> 
     </span>
    </p>
   </div>
   <div class='ocr_carea' id='block_1_9' title="bbox 1219 1438 1239 1465">
    <p class='ocr_par' dir='ltr' id='par_1_10' title="bbox 1219 1438 1239 1465">
     <span class='ocr_line' id='line_1_18' title="bbox 1219 1438 1239 1465; baseline 0 0"><span class='ocrx_word' id='word_1_134' title='bbox 1219 1438 1239 1465; x_wconf 81' lang='lat' dir='ltr'>h</span> 
     </span>
    </p>
   </div>
   <div class='ocr_carea' id='block_1_10' title="bbox 159 1438 1674 1506">
    <p class='ocr_par' dir='ltr' id='par_1_11' title="bbox 159 1438 1674 1506">
     <span class='ocr_line' id='line_1_19' title="bbox 159 1438 1674 1506; baseline 0 -16"><span class='ocrx_word' id='word_1_135' title='bbox 159 1441 207 1490; x_wconf 88' lang='grc' dir='ltr'>ἐν</span> <span class='ocrx_word' id='word_1_136' title='bbox 239 1444 335 1493; x_wconf 82' lang='grc' dir='ltr'>τοῖς</span> <span class='ocrx_word' id='word_1_137' title='bbox 373 1442 594 1490; x_wconf 81' lang='grc' dir='ltr'>ἱππεῦσιν</span> <span class='ocrx_word' id='word_1_138' title='bbox 633 1438 774 1489; x_wconf 79' lang='grc' dir='ltr'>αὑτὸν</span> <span class='ocrx_word' id='word_1_139' title='bbox 812 1441 955 1502; x_wconf 81' lang='grc' dir='ltr'>ἀτελῆ</span> <span class='ocrx_word' id='word_1_140' title='bbox 991 1442 1186 1502; x_wconf 81' lang='grc' dir='ltr'>ποιῆσαι</span> <span class='ocrx_word' id='word_1_141' title='bbox 1250 1441 1499 1506; x_wconf 78' lang='grc' dir='ltr'>στρατείας</span> <span class='ocrx_word' id='word_1_142' title='bbox 1535 1439 1674 1491; x_wconf 81' lang='grc' dir='ltr'>δυνά-</span> 
     </span>
    </p>
   </div>
   <div class='ocr_carea' id='block_1_11' title="bbox 160 1522 1675 1589">
    <p class='ocr_par' dir='ltr' id='par_1_12' title="bbox 160 1522 1675 1589">
     <span class='ocr_line' id='line_1_20' title="bbox 160 1522 1675 1589; baseline 0 -15"><span class='ocrx_word' id='word_1_143' title='bbox 160 1546 307 1587; x_wconf 41' lang='grc' dir='ltr'>μενος,</span> <span class='ocrx_word' id='word_1_144' title='bbox 334 1522 507 1587; x_wconf 85' lang='grc' dir='ltr'>ταύτην</span> <span class='ocrx_word' id='word_1_145' title='bbox 545 1524 706 1589; x_wconf 75' lang='grc' dir='ltr'>εὕρηκε</span> <span class='ocrx_word' id='word_1_146' title='bbox 743 1524 941 1576; x_wconf 76' lang='grc' dir='ltr'>Μειδίας</span> <span class='ocrx_word' id='word_1_147' title='bbox 975 1522 1157 1587; x_wconf 77' lang='grc' dir='ltr'>ἰκαινὴν</span> <span class='ocrx_word' id='word_1_148' title='bbox 1198 1527 1387 1588; x_wconf 78' lang='grc' dir='ltr'>ἱππικῆς</span> <span class='ocrx_word' id='word_1_149' title='bbox 1425 1524 1528 1575; x_wconf 78' lang='grc' dir='ltr'>τινὰ</span> <span class='ocrx_word' id='word_1_150' title='bbox 1563 1547 1675 1576; x_wconf 90' lang='grc' dir='ltr'>πεν-</span> 
     </span>
    </p>
   </div>
   <div class='ocr_carea' id='block_1_12' title="bbox 690 1606 711 1633">
    <p class='ocr_par' dir='ltr' id='par_1_13' title="bbox 690 1606 711 1633">
     <span class='ocr_line' id='line_1_21' title="bbox 690 1606 711 1633; baseline 0 0"><span class='ocrx_word' id='word_1_151' title='bbox 690 1606 711 1633; x_wconf 71' lang='lat' dir='ltr'>k</span> 
     </span>
    </p>
   </div>
   <div class='ocr_carea' id='block_1_13' title="bbox 71 1607 1682 1674">
    <p class='ocr_par' dir='ltr' id='par_1_14' title="bbox 71 1607 1682 1674">
     <span class='ocr_line' id='line_1_22' title="bbox 71 1607 1682 1674; baseline -0.001 -14"><span class='ocrx_word' id='word_1_152' title='bbox 71 1607 415 1672; x_wconf 62' lang='grc' dir='ltr'>πιοτηκοστήν.</span> <span class='ocrx_word' id='word_1_153' title='bbox 470 1607 665 1674; x_wconf 77' lang='grc' dir='ltr'>καὶγὰρ</span> <span class='ocrx_word' id='word_1_154' title='bbox 702 1608 780 1657; x_wconf 76' lang='grc' dir='ltr'>ἀὖ</span> <span class='ocrx_word' id='word_1_155' title='bbox 813 1612 965 1658; x_wconf 85' lang='grc' dir='ltr'>τοῦτο.</span> <span class='ocrx_word' id='word_1_156' title='bbox 1017 1611 1111 1657; x_wconf 83' lang='grc' dir='ltr'>τῶν</span> <span class='ocrx_word' id='word_1_157' title='bbox 1143 1607 1308 1658; x_wconf 77' lang='grc' dir='ltr'>ἄλλων</span> <span class='ocrx_word' id='word_1_158' title='bbox 1341 1608 1561 1659; x_wconf 80' lang='grc' dir='ltr'>ἁπάντων</span> <span class='ocrx_word' id='word_1_159' title='bbox 1587 1613 1682 1659; x_wconf 82' lang='grc' dir='ltr'>τῶν</span> 
     </span>
    </p>
   </div>
   <div class='ocr_carea' id='block_1_14' title="bbox 161 1690 1737 2180">
    <p class='ocr_par' dir='ltr' id='par_1_15' title="bbox 161 1690 1737 2180">
     <span class='ocr_line' id='line_1_23' title="bbox 161 1690 1680 1758; baseline -0.001 -14"><span class='ocrx_word' id='word_1_160' title='bbox 161 1693 416 1744; x_wconf 85' lang='grc' dir='ltr'>ἐπιδόντων</span> <span class='ocrx_word' id='word_1_161' title='bbox 453 1691 775 1758; x_wconf 68' lang='grc' dir='ltr'>1τριηράρχων</span> <span class='ocrx_word' id='word_1_162' title='bbox 814 1690 1226 1756; x_wconf 90' lang='grc' dir='ltr'>παραπεμπόντων</span> <span class='ocrx_word' id='word_1_163' title='bbox 1271 1693 1402 1756; x_wconf 81' lang='grc' dir='ltr'>ὑμᾶς,</span> <span class='ocrx_word' id='word_1_164' title='bbox 1443 1692 1516 1742; x_wconf 80' lang='grc' dir='ltr'>ὅτε</span> <span class='ocrx_word' id='word_1_165' title='bbox 1562 1694 1680 1758; x_wconf 84' lang='grc' dir='ltr'>δεῦρ’</span> 
     </span>
     <span class='ocr_line' id='line_1_24' title="bbox 162 1774 1734 1842; baseline 0.001 -16"><span class='ocrx_word' id='word_1_166' title='bbox 162 1778 458 1826; x_wconf 49' lang='grc' dir='ltr'>Ῑ1ῑἱοίπεπλεῖτε</span> <span class='ocrx_word' id='word_1_167' title='bbox 504 1778 553 1826; x_wconf 85' lang='grc' dir='ltr'>ἐκ</span> <span class='ocrx_word' id='word_1_168' title='bbox 598 1775 844 1840; x_wconf 78' lang='grc' dir='ltr'>“Στύρων,</span> <span class='ocrx_word' id='word_1_169' title='bbox 892 1774 1034 1837; x_wconf 86' lang='grc' dir='ltr'>μόνος</span> <span class='ocrx_word' id='word_1_170' title='bbox 1081 1775 1211 1828; x_wconf 70' lang='grc' dir='ltr'>οὗτος</span> <span class='ocrx_word' id='word_1_171' title='bbox 1265 1777 1317 1825; x_wconf 84' lang='grc' dir='ltr'>οὐ</span> <span class='ocrx_word' id='word_1_172' title='bbox 1367 1775 1734 1842; x_wconf 77' lang='grc' dir='ltr'>παρέπεμπεν,15</span> 
     </span>
     <span class='ocr_line' id='line_1_25' title="bbox 163 1858 1678 1925; baseline 0 -16"><span class='ocrx_word' id='word_1_173' title='bbox 163 1861 275 1910; x_wconf 83' lang='grc' dir='ltr'>ἀλλ’</span> <span class='ocrx_word' id='word_1_174' title='bbox 315 1858 562 1923; x_wconf 83' lang='grc' dir='ltr'>ἀμελήσας</span> <span class='ocrx_word' id='word_1_175' title='bbox 609 1861 737 1921; x_wconf 83' lang='grc' dir='ltr'>ὑμῶν</span> <span class='ocrx_word' id='word_1_176' title='bbox 780 1858 990 1925; x_wconf 79' lang='grc' dir='ltr'>χάρακας</span> <span class='ocrx_word' id='word_1_177' title='bbox 1031 1861 1106 1909; x_wconf 77' lang='grc' dir='ltr'>καὶ</span> <span class='ocrx_word' id='word_1_178' title='bbox 1145 1858 1433 1922; x_wconf 77' lang='grc' dir='ltr'>βοσκήματα</span> <span class='ocrx_word' id='word_1_179' title='bbox 1474 1862 1550 1909; x_wconf 79' lang='grc' dir='ltr'>καὶ</span> <span class='ocrx_word' id='word_1_180' title='bbox 1595 1864 1678 1909; x_wconf 88' lang='grc' dir='ltr'>θυ-</span> 
     </span>
     <span class='ocr_line' id='line_1_26' title="bbox 162 1942 1683 2011; baseline -0.001 -17"><span class='ocrx_word' id='word_1_181' title='bbox 162 1944 357 2008; x_wconf 81' lang='grc' dir='ltr'>ρώματα</span> <span class='ocrx_word' id='word_1_182' title='bbox 396 1946 456 1996; x_wconf 87' lang='grc' dir='ltr'>ὡς</span> <span class='ocrx_word' id='word_1_183' title='bbox 497 1942 639 1994; x_wconf 77' lang='grc' dir='ltr'>αὑτὸν</span> <span class='ocrx_word' id='word_1_184' title='bbox 675 1945 785 1993; x_wconf 73' lang='grc' dir='ltr'>Οκαὶ</span> <span class='ocrx_word' id='word_1_185' title='bbox 823 1943 947 2011; x_wconf 73' lang='grc' dir='ltr'>ξύλα</span> <span class='ocrx_word' id='word_1_186' title='bbox 986 1947 1048 1995; x_wconf 82' lang='grc' dir='ltr'>εἷς</span> <span class='ocrx_word' id='word_1_187' title='bbox 1086 1942 1145 1993; x_wconf 80' lang='grc' dir='ltr'>τὰ</span> <span class='ocrx_word' id='word_1_188' title='bbox 1183 1943 1297 2008; x_wconf 71' lang='grc' dir='ltr'>ἔργα</span> <span class='ocrx_word' id='word_1_189' title='bbox 1331 1942 1426 1993; x_wconf 76' lang='grc' dir='ltr'>Ρτά</span> <span class='ocrx_word' id='word_1_190' title='bbox 1460 1943 1683 2009; x_wconf 80' lang='grc' dir='ltr'>ἀργύρεια</span> 
     </span>
     <span class='ocr_line' id='line_1_27' title="bbox 163 2027 1682 2094; baseline -0.001 -16"><span class='ocrx_word' id='word_1_191' title='bbox 163 2027 350 2094; x_wconf 73' lang='grc' dir='ltr'>ἐκόμιζε,</span> <span class='ocrx_word' id='word_1_192' title='bbox 405 2031 479 2078; x_wconf 79' lang='grc' dir='ltr'>καὶ</span> <span class='ocrx_word' id='word_1_193' title='bbox 532 2028 874 2094; x_wconf 80' lang='grc' dir='ltr'>χρηματισμὸς,</span> <span class='ocrx_word' id='word_1_194' title='bbox 928 2028 1016 2077; x_wconf 67' lang='lat'><em>‘¹013</em></span> <span class='ocrx_word' id='word_1_195' title='bbox 1079 2028 1345 2093; x_wconf 83' lang='grc' dir='ltr'>λειτουργία</span> <span class='ocrx_word' id='word_1_196' title='bbox 1405 2027 1597 2092; x_wconf 73' lang='grc' dir='ltr'>γε’γονεν</span> <span class='ocrx_word' id='word_1_197' title='bbox 1653 2028 1682 2091; x_wconf 83' lang='grc' dir='ltr'>ἡ</span> 
     </span>
     <span class='ocr_line' id='line_1_28' title="bbox 163 2109 1737 2180; baseline -0.001 -18"><span class='ocrx_word' id='word_1_198' title='bbox 163 2112 438 2179; x_wconf 85' lang='grc' dir='ltr'>τριηραρχία</span> <span class='ocrx_word' id='word_1_199' title='bbox 471 2115 537 2180; x_wconf 72' lang='grc' dir='ltr'>τῷ</span> <span class='ocrx_word' id='word_1_200' title='bbox 572 2112 890 2180; x_wconf 75' lang='grc' dir='ltr'>καταπτύστῳ</span> <span class='ocrx_word' id='word_1_201' title='bbox 924 2111 1091 2180; x_wconf 74' lang='grc' dir='ltr'>τούτῳ.</span> <span class='ocrx_word' id='word_1_202' title='bbox 1146 2110 1277 2161; x_wconf 77' lang='grc' dir='ltr'>ἀλλὰ</span> <span class='ocrx_word' id='word_1_203' title='bbox 1310 2109 1403 2174; x_wconf 81' lang='grc' dir='ltr'>μὴν</span> <span class='ocrx_word' id='word_1_204' title='bbox 1434 2113 1495 2164; x_wconf 86' lang='grc' dir='ltr'>ὡς</span> <span class='ocrx_word' id='word_1_205' title='bbox 1527 2113 1681 2176; x_wconf 84' lang='grc' dir='ltr'>ἀληθῆ</span> <span class='ocrx_word' id='word_1_206' title='bbox 1697 2135 1737 2156; x_wconf 79' lang='lat'>20</span> 
     </span>
    </p>
   </div>
   <div class='ocr_carea' id='block_1_15' title="bbox 167 2270 1733 3008">
    <p class='ocr_par' dir='ltr' id='par_1_16' title="bbox 167 2270 1733 3008">
     <span class='ocr_line' id='line_1_29' title="bbox 217 2270 1681 2318; baseline 0 -12"><span class='ocrx_word' id='word_1_207' title='bbox 217 2278 238 2296; x_wconf 71' lang='grc' dir='ltr'>Π</span> <span class='ocrx_word' id='word_1_208' title='bbox 259 2270 380 2318; x_wconf 73' lang='grc' dir='ltr'>οὕτως]</span> <span class='ocrx_word' id='word_1_209' title='bbox 406 2271 504 2308; x_wconf 79' lang='grc' dir='ltr'>οὗτος</span> <span class='ocrx_word' id='word_1_210' title='bbox 523 2272 646 2308; x_wconf 85' lang='lat' dir='ltr'>Y.O.s.</span> <span class='ocrx_word' id='word_1_211' title='bbox 677 2273 740 2317; x_wconf 81' lang='grc' dir='ltr'>οὐχ</span> <span class='ocrx_word' id='word_1_212' title='bbox 760 2271 865 2307; x_wconf 78' lang='grc' dir='ltr'>οὕτως</span> <span class='ocrx_word' id='word_1_213' title='bbox 884 2273 1040 2307; x_wconf 87' lang='lat' dir='ltr'><strong>A.F.k.r.</strong></span> <span class='ocrx_word' id='word_1_214' title='bbox 1063 2284 1132 2307; x_wconf 89' lang='lat' dir='ltr'>om.</span> <span class='ocrx_word' id='word_1_215' title='bbox 1152 2278 1177 2306; x_wconf 84' lang='lat' dir='ltr'>t.</span> <span class='ocrx_word' id='word_1_216' title='bbox 1260 2278 1279 2296; x_wconf 77' lang='lat' dir='ltr'>X</span> <span class='ocrx_word' id='word_1_217' title='bbox 1301 2274 1360 2306; x_wconf 85' lang='grc' dir='ltr'>τοῦ</span> <span class='ocrx_word' id='word_1_218' title='bbox 1381 2284 1450 2305; x_wconf 90' lang='lat' dir='ltr'>om.</span> <span class='ocrx_word' id='word_1_219' title='bbox 1467 2284 1499 2306; x_wconf 92' lang='lat' dir='ltr'>v.</span> <span class='ocrx_word' id='word_1_220' title='bbox 1581 2278 1597 2305; x_wconf 77' lang='lat' dir='ltr'><strong>y</strong></span> <span class='ocrx_word' id='word_1_221' title='bbox 1620 2277 1681 2306; x_wconf 89' lang='grc' dir='ltr'>Νι-</span> 
     </span>
     <span class='ocr_line' id='line_1_30' title="bbox 167 2324 1684 2372; baseline 0.001 -14"><span class='ocrx_word' id='word_1_222' title='bbox 167 2326 237 2359; x_wconf 86' lang='grc' dir='ltr'>κίου</span> <span class='ocrx_word' id='word_1_223' title='bbox 265 2325 437 2371; x_wconf 83' lang='grc' dir='ltr'>ἀγαπητὸς</span> <span class='ocrx_word' id='word_1_224' title='bbox 464 2325 558 2371; x_wconf 84' lang='grc' dir='ltr'>παῖς]</span> <span class='ocrx_word' id='word_1_225' title='bbox 593 2326 793 2372; x_wconf 79' lang='lat' dir='ltr'><strong>Legebatur</strong></span> <span class='ocrx_word' id='word_1_226' title='bbox 820 2326 938 2359; x_wconf 86' lang='grc' dir='ltr'>Νικίου</span> <span class='ocrx_word' id='word_1_227' title='bbox 966 2327 983 2358; x_wconf 99' lang='lat'><em>6</em></span> <span class='ocrx_word' id='word_1_228' title='bbox 1007 2324 1056 2371; x_wconf 88' lang='lat'>(6,</span> <span class='ocrx_word' id='word_1_229' title='bbox 1078 2327 1173 2371; x_wconf 89' lang='lat' dir='ltr'>quod</span> <span class='ocrx_word' id='word_1_230' title='bbox 1196 2326 1302 2360; x_wconf 81' lang='lat' dir='ltr'>habet</span> <span class='ocrx_word' id='word_1_231' title='bbox 1325 2326 1379 2365; x_wconf 88' lang='lat' dir='ltr'>A.,</span> <span class='ocrx_word' id='word_1_232' title='bbox 1405 2326 1447 2359; x_wconf 85' lang='lat' dir='ltr'>ab</span> <span class='ocrx_word' id='word_1_233' title='bbox 1468 2326 1534 2360; x_wconf 87' lang='lat' dir='ltr'><strong>k.r.</strong></span> <span class='ocrx_word' id='word_1_234' title='bbox 1563 2326 1684 2360; x_wconf 82' lang='lat' dir='ltr'>abesse</span> 
     </span>
     <span class='ocr_line' id='line_1_31' title="bbox 168 2378 1682 2426; baseline 0.001 -14"><span class='ocrx_word' id='word_1_235' title='bbox 168 2379 311 2426; x_wconf 87' lang='lat' dir='ltr'><strong>dicitur)</strong></span> <span class='ocrx_word' id='word_1_236' title='bbox 333 2378 516 2424; x_wconf 83' lang='grc' dir='ltr'>ἀγαπητὸς,</span> <span class='ocrx_word' id='word_1_237' title='bbox 542 2380 560 2412; x_wconf 92' lang='grc' dir='ltr'>ὁ</span> <span class='ocrx_word' id='word_1_238' title='bbox 585 2379 695 2414; x_wconf 80' lang='grc' dir='ltr'>ἅπαις,</span> <span class='ocrx_word' id='word_1_239' title='bbox 745 2380 813 2413; x_wconf 90' lang='lat' dir='ltr'>Pro</span> <span class='ocrx_word' id='word_1_240' title='bbox 839 2380 857 2412; x_wconf 91' lang='lat'><em>6</em></span> <span class='ocrx_word' id='word_1_241' title='bbox 883 2379 982 2414; x_wconf 74' lang='grc' dir='ltr'>ἅπαις</span> <span class='ocrx_word' id='word_1_242' title='bbox 1007 2379 1043 2412; x_wconf 86' lang='lat' dir='ltr'>in</span> <span class='ocrx_word' id='word_1_243' title='bbox 1069 2380 1188 2414; x_wconf 85' lang='lat' dir='ltr'><strong>A.F.r.</strong></span> <span class='ocrx_word' id='word_1_244' title='bbox 1217 2379 1385 2424; x_wconf 83' lang='lat' dir='ltr'>seriptum</span> <span class='ocrx_word' id='word_1_245' title='bbox 1414 2380 1432 2411; x_wconf 91' lang='lat'><em>6</em></span> <span class='ocrx_word' id='word_1_246' title='bbox 1461 2380 1550 2419; x_wconf 81' lang='grc' dir='ltr'>παῖς,</span> <span class='ocrx_word' id='word_1_247' title='bbox 1580 2380 1617 2413; x_wconf 88' lang='lat' dir='ltr'>in</span> <span class='ocrx_word' id='word_1_248' title='bbox 1645 2380 1682 2413; x_wconf 92' lang='lat' dir='ltr'>k.</span> 
     </span>
     <span class='ocr_line' id='line_1_32' title="bbox 168 2431 1686 2479; baseline 0.002 -15"><span class='ocrx_word' id='word_1_249' title='bbox 168 2431 280 2467; x_wconf 77' lang='grc' dir='ltr'>ἅπαις.</span> <span class='ocrx_word' id='word_1_250' title='bbox 330 2432 491 2466; x_wconf 84' lang='lat' dir='ltr'>Proxime</span> <span class='ocrx_word' id='word_1_251' title='bbox 518 2444 539 2466; x_wconf 81' lang='lat' dir='ltr'><strong>a</strong></span> <span class='ocrx_word' id='word_1_252' title='bbox 563 2444 644 2466; x_wconf 84' lang='lat' dir='ltr'>vero</span> <span class='ocrx_word' id='word_1_253' title='bbox 670 2433 798 2466; x_wconf 83' lang='lat' dir='ltr'>absunt</span> <span class='ocrx_word' id='word_1_254' title='bbox 824 2433 894 2466; x_wconf 82' lang='lat' dir='ltr'>duo</span> <span class='ocrx_word' id='word_1_255' title='bbox 921 2432 1057 2466; x_wconf 82' lang='lat' dir='ltr'>codices</span> <span class='ocrx_word' id='word_1_256' title='bbox 1080 2433 1230 2479; x_wconf 80' lang='lat' dir='ltr'>Taylori,</span> <span class='ocrx_word' id='word_1_257' title='bbox 1255 2433 1291 2466; x_wconf 89' lang='lat' dir='ltr'>in</span> <span class='ocrx_word' id='word_1_258' title='bbox 1317 2433 1444 2478; x_wconf 85' lang='lat' dir='ltr'>quibus</span> <span class='ocrx_word' id='word_1_259' title='bbox 1470 2434 1488 2465; x_wconf 90' lang='lat'><em>6</em></span> <span class='ocrx_word' id='word_1_260' title='bbox 1514 2432 1686 2478; x_wconf 84' lang='grc' dir='ltr'>ἀγαπητὸς</span> 
     </span>
     <span class='ocr_line' id='line_1_33' title="bbox 168 2484 1683 2532; baseline 0.001 -14"><span class='ocrx_word' id='word_1_261' title='bbox 168 2486 245 2519; x_wconf 79' lang='grc' dir='ltr'>παῖς</span> <span class='ocrx_word' id='word_1_262' title='bbox 265 2496 339 2518; x_wconf 80' lang='lat' dir='ltr'>esse</span> <span class='ocrx_word' id='word_1_263' title='bbox 359 2485 497 2519; x_wconf 84' lang='lat' dir='ltr'>dicitur.</span> <span class='ocrx_word' id='word_1_264' title='bbox 593 2490 611 2509; x_wconf 80' lang='grc' dir='ltr'><strong><em>Ζ</em></strong></span> <span class='ocrx_word' id='word_1_265' title='bbox 631 2484 735 2529; x_wconf 80' lang='grc' dir='ltr'>ταύτῃ</span> <span class='ocrx_word' id='word_1_266' title='bbox 758 2486 951 2519; x_wconf 83' lang='lat' dir='ltr'>Bekkerus.</span> <span class='ocrx_word' id='word_1_267' title='bbox 992 2486 1191 2531; x_wconf 84' lang='lat' dir='ltr'>Legebatur</span> <span class='ocrx_word' id='word_1_268' title='bbox 1210 2485 1347 2529; x_wconf 81' lang='grc' dir='ltr'>ταύτην.</span> <span class='ocrx_word' id='word_1_269' title='bbox 1446 2491 1464 2510; x_wconf 71' lang='lat' dir='ltr'>a</span> <span class='ocrx_word' id='word_1_270' title='bbox 1484 2486 1683 2532; x_wconf 71' lang='grc' dir='ltr'>στρατείαν]</span> 
     </span>
     <span class='ocr_line' id='line_1_34' title="bbox 170 2535 1680 2586; baseline 0.001 -15"><span class='ocrx_word' id='word_1_271' title='bbox 170 2540 333 2582; x_wconf 87' lang='grc' dir='ltr'>στρατιὰν</span> <span class='ocrx_word' id='word_1_272' title='bbox 352 2539 425 2572; x_wconf 85' lang='lat' dir='ltr'><strong>A.1·.</strong></span> <span class='ocrx_word' id='word_1_273' title='bbox 554 2535 573 2563; x_wconf 78' lang='lat' dir='ltr'>b</span> <span class='ocrx_word' id='word_1_274' title='bbox 595 2538 750 2572; x_wconf 85' lang='grc' dir='ltr'>ἐπίδοσιν</span> <span class='ocrx_word' id='word_1_275' title='bbox 770 2539 956 2574; x_wconf 85' lang='lat' dir='ltr'>delendum</span> <span class='ocrx_word' id='word_1_276' title='bbox 978 2551 1053 2573; x_wconf 84' lang='lat' dir='ltr'><strong>esse</strong></span> <span class='ocrx_word' id='word_1_277' title='bbox 1072 2540 1159 2574; x_wconf 82' lang='lat' dir='ltr'><strong>vidit</strong></span> <span class='ocrx_word' id='word_1_278' title='bbox 1180 2540 1374 2574; x_wconf 83' lang='lat' dir='ltr'><strong>Bekkerus.</strong></span> <span class='ocrx_word' id='word_1_279' title='bbox 1500 2545 1516 2564; x_wconf 61' lang='grc' dir='ltr'>θ</span> <span class='ocrx_word' id='word_1_280' title='bbox 1536 2539 1574 2573; x_wconf 79' lang='grc' dir='ltr'>οὗ</span> <span class='ocrx_word' id='word_1_281' title='bbox 1594 2538 1622 2573; x_wconf 83' lang='grc' dir='ltr'>δ’</span> <span class='ocrx_word' id='word_1_282' title='bbox 1644 2540 1680 2586; x_wconf 91' lang='lat'>6]</span> 
     </span>
     <span class='ocr_line' id='line_1_35' title="bbox 170 2589 1684 2639; baseline 0.003 -16"><span class='ocrx_word' id='word_1_283' title='bbox 170 2591 267 2624; x_wconf 86' lang='grc' dir='ltr'>ουδεν</span> <span class='ocrx_word' id='word_1_284' title='bbox 287 2591 304 2623; x_wconf 92' lang='grc' dir='ltr'>ὁ</span> <span class='ocrx_word' id='word_1_285' title='bbox 323 2603 375 2636; x_wconf 87' lang='lat' dir='ltr'>pr.</span> <span class='ocrx_word' id='word_1_286' title='bbox 399 2592 433 2624; x_wconf 88' lang='lat' dir='ltr'>S.</span> <span class='ocrx_word' id='word_1_287' title='bbox 473 2591 599 2625; x_wconf 83' lang='lat' dir='ltr'>Literae</span> <span class='ocrx_word' id='word_1_288' title='bbox 620 2606 637 2625; x_wconf 88' lang='grc' dir='ltr'>ν</span> <span class='ocrx_word' id='word_1_289' title='bbox 657 2593 675 2624; x_wconf 88' lang='grc' dir='ltr'>ὁ</span> <span class='ocrx_word' id='word_1_290' title='bbox 695 2604 812 2626; x_wconf 81' lang='lat' dir='ltr'><strong>erasae.</strong></span> <span class='ocrx_word' id='word_1_291' title='bbox 923 2589 942 2616; x_wconf 80' lang='lat' dir='ltr'><strong>d</strong></span> <span class='ocrx_word' id='word_1_292' title='bbox 962 2593 1065 2639; x_wconf 84' lang='grc' dir='ltr'>θεῶν]</span> <span class='ocrx_word' id='word_1_293' title='bbox 1090 2596 1157 2626; x_wconf 86' lang='grc' dir='ltr'>τῶν</span> <span class='ocrx_word' id='word_1_294' title='bbox 1176 2594 1260 2627; x_wconf 83' lang='grc' dir='ltr'>θεῶν</span> <span class='ocrx_word' id='word_1_295' title='bbox 1280 2593 1432 2627; x_wconf 83' lang='lat' dir='ltr'><strong>A.F.k.r.</strong></span> <span class='ocrx_word' id='word_1_296' title='bbox 1542 2598 1558 2617; x_wconf 71' lang='grc' dir='ltr'>θ</span> <span class='ocrx_word' id='word_1_297' title='bbox 1578 2595 1684 2626; x_wconf 85' lang='grc' dir='ltr'>τελω-</span> 
     </span>
     <span class='ocr_line' id='line_1_36' title="bbox 171 2643 1685 2691; baseline 0.002 -15"><span class='ocrx_word' id='word_1_298' title='bbox 171 2643 259 2689; x_wconf 80' lang='grc' dir='ltr'>νίαν]</span> <span class='ocrx_word' id='word_1_299' title='bbox 283 2644 462 2678; x_wconf 84' lang='grc' dir='ltr'>τελωνείαν</span> <span class='ocrx_word' id='word_1_300' title='bbox 481 2645 557 2679; x_wconf 75' lang='grc' dir='ltr'>ΓΝ.</span> <span class='ocrx_word' id='word_1_301' title='bbox 580 2650 614 2678; x_wconf 82' lang='lat' dir='ltr'>et</span> <span class='ocrx_word' id='word_1_302' title='bbox 634 2651 810 2679; x_wconf 81' lang='lat' dir='ltr'>correctus</span> <span class='ocrx_word' id='word_1_303' title='bbox 830 2645 866 2679; x_wconf 84' lang='lat' dir='ltr'>k.</span> <span class='ocrx_word' id='word_1_304' title='bbox 977 2643 993 2670; x_wconf 83' lang='lat' dir='ltr'><strong>f</strong></span> <span class='ocrx_word' id='word_1_305' title='bbox 1008 2645 1211 2691; x_wconf 78' lang='grc' dir='ltr'>λιποταξίαν</span> <span class='ocrx_word' id='word_1_306' title='bbox 1229 2645 1538 2681; x_wconf 82' lang='lat' dir='ltr'><strong>A.F.P.S.Y.O.k.</strong></span> <span class='ocrx_word' id='word_1_307' title='bbox 1568 2647 1685 2679; x_wconf 81' lang='grc' dir='ltr'>λειπο-</span> 
     </span>
     <span class='ocr_line' id='line_1_37' title="bbox 171 2696 1733 2745; baseline 0.003 -16"><span class='ocrx_word' id='word_1_308' title='bbox 171 2696 289 2740; x_wconf 81' lang='grc' dir='ltr'>ταξίαν</span> <span class='ocrx_word' id='word_1_309' title='bbox 306 2697 424 2742; x_wconf 82' lang='lat' dir='ltr'><strong>vulgo.</strong></span> <span class='ocrx_word' id='word_1_310' title='bbox 547 2703 568 2731; x_wconf 75' lang='lat' dir='ltr'><strong>g</strong></span> <span class='ocrx_word' id='word_1_311' title='bbox 588 2698 784 2743; x_wconf 82' lang='grc' dir='ltr'>στρατείας]</span> <span class='ocrx_word' id='word_1_312' title='bbox 810 2700 973 2742; x_wconf 84' lang='grc' dir='ltr'>στρατιᾶς</span> <span class='ocrx_word' id='word_1_313' title='bbox 992 2700 1103 2734; x_wconf 82' lang='lat' dir='ltr'>A.k.1·.</span> <span class='ocrx_word' id='word_1_314' title='bbox 1241 2697 1261 2724; x_wconf 80' lang='lat' dir='ltr'>h</span> <span class='ocrx_word' id='word_1_315' title='bbox 1282 2700 1461 2744; x_wconf 82' lang='grc' dir='ltr'>στρατείας</span> <span class='ocrx_word' id='word_1_316' title='bbox 1481 2699 1680 2745; x_wconf 82' lang='grc' dir='ltr'>δυνάμενος]</span> <span class='ocrx_word' id='word_1_317' title='bbox 1730 2734 1733 2737; x_wconf 78' lang='grc'>,</span> 
     </span>
     <span class='ocr_line' id='line_1_38' title="bbox 172 2748 1685 2798; baseline 0.002 -16"><span class='ocrx_word' id='word_1_318' title='bbox 172 2749 353 2791; x_wconf 81' lang='grc' dir='ltr'>δυνάμενος</span> <span class='ocrx_word' id='word_1_319' title='bbox 374 2752 534 2795; x_wconf 77' lang='grc' dir='ltr'>στρατιᾶς</span> <span class='ocrx_word' id='word_1_320' title='bbox 552 2751 665 2785; x_wconf 87' lang='lat' dir='ltr'><strong>A.k.r.</strong></span> <span class='ocrx_word' id='word_1_321' title='bbox 749 2748 758 2775; x_wconf 75' lang='lat' dir='ltr'><strong>i</strong></span> <span class='ocrx_word' id='word_1_322' title='bbox 780 2751 893 2794; x_wconf 88' lang='grc' dir='ltr'>καινὴν</span> <span class='ocrx_word' id='word_1_323' title='bbox 913 2752 1064 2798; x_wconf 81' lang='grc' dir='ltr'>ἱππικῆς]</span> <span class='ocrx_word' id='word_1_324' title='bbox 1090 2753 1185 2796; x_wconf 87' lang='grc' dir='ltr'>κενὴν</span> <span class='ocrx_word' id='word_1_325' title='bbox 1204 2753 1340 2796; x_wconf 79' lang='grc' dir='ltr'>ἱππικήν</span> <span class='ocrx_word' id='word_1_326' title='bbox 1362 2753 1396 2786; x_wconf 81' lang='lat' dir='ltr'>S.</span> <span class='ocrx_word' id='word_1_327' title='bbox 1484 2749 1501 2776; x_wconf 72' lang='lat' dir='ltr'><strong>k</strong></span> <span class='ocrx_word' id='word_1_328' title='bbox 1522 2751 1563 2785; x_wconf 71' lang='grc' dir='ltr'>αὖ</span> <span class='ocrx_word' id='word_1_329' title='bbox 1583 2754 1685 2785; x_wconf 83' lang='grc' dir='ltr'>τοῦτο</span> 
     </span>
     <span class='ocr_line' id='line_1_39' title="bbox 172 2802 1686 2851; baseline 0.003 -16"><span class='ocrx_word' id='word_1_330' title='bbox 172 2802 327 2836; x_wconf 87' lang='lat' dir='ltr'>A.P.k.r.</span> <span class='ocrx_word' id='word_1_331' title='bbox 357 2803 460 2836; x_wconf 79' lang='grc' dir='ltr'>αὐτοῦ</span> <span class='ocrx_word' id='word_1_332' title='bbox 478 2804 518 2837; x_wconf 83' lang='grc' dir='ltr'>τὸ</span> <span class='ocrx_word' id='word_1_333' title='bbox 540 2804 651 2838; x_wconf 85' lang='lat' dir='ltr'><strong>S.Y.S.</strong></span> <span class='ocrx_word' id='word_1_334' title='bbox 684 2802 726 2837; x_wconf 76' lang='grc' dir='ltr'>αὖ</span> <span class='ocrx_word' id='word_1_335' title='bbox 745 2805 821 2838; x_wconf 83' lang='grc' dir='ltr'>τότε</span> <span class='ocrx_word' id='word_1_336' title='bbox 840 2804 956 2850; x_wconf 82' lang='lat' dir='ltr'>vulgo.</span> <span class='ocrx_word' id='word_1_337' title='bbox 1095 2803 1337 2851; x_wconf 75' lang='grc' dir='ltr'>Ῑτριηράρχων</span> <span class='ocrx_word' id='word_1_338' title='bbox 1359 2806 1444 2840; x_wconf 70' lang='grc' dir='ltr'>ΒἙ.</span> <span class='ocrx_word' id='word_1_339' title='bbox 1474 2809 1686 2850; x_wconf 80' lang='grc' dir='ltr'>τριηραρχῶν</span> 
     </span>
     <span class='ocr_line' id='line_1_40' title="bbox 173 2855 1686 2904; baseline 0.003 -16"><span class='ocrx_word' id='word_1_340' title='bbox 173 2855 290 2900; x_wconf 86' lang='lat' dir='ltr'>vulgo.</span> <span class='ocrx_word' id='word_1_341' title='bbox 365 2861 396 2879; x_wconf 93' lang='lat' dir='ltr'><strong>m</strong></span> <span class='ocrx_word' id='word_1_342' title='bbox 415 2855 613 2902; x_wconf 82' lang='grc' dir='ltr'>ἀπεπλεῖτε]</span> <span class='ocrx_word' id='word_1_343' title='bbox 637 2857 815 2891; x_wconf 84' lang='grc' dir='ltr'>ἐπεπλεῖτε</span> <span class='ocrx_word' id='word_1_344' title='bbox 836 2857 956 2892; x_wconf 83' lang='lat' dir='ltr'><strong>P.O.s.</strong></span> <span class='ocrx_word' id='word_1_345' title='bbox 1033 2862 1047 2878; x_wconf 86' lang='lat'>¹¹</span> <span class='ocrx_word' id='word_1_346' title='bbox 1069 2858 1219 2904; x_wconf 84' lang='grc' dir='ltr'>Στύρων]</span> <span class='ocrx_word' id='word_1_347' title='bbox 1244 2859 1379 2893; x_wconf 84' lang='grc' dir='ltr'>σκυθῶν</span> <span class='ocrx_word' id='word_1_348' title='bbox 1399 2864 1574 2892; x_wconf 79' lang='lat' dir='ltr'>correctus</span> <span class='ocrx_word' id='word_1_349' title='bbox 1597 2859 1631 2893; x_wconf 86' lang='lat' dir='ltr'>S.</span> <span class='ocrx_word' id='word_1_350' title='bbox 1651 2864 1686 2892; x_wconf 86' lang='lat' dir='ltr'>et</span> 
     </span>
     <span class='ocr_line' id='line_1_41' title="bbox 175 2908 1687 2958; baseline 0.003 -17"><span class='ocrx_word' id='word_1_351' title='bbox 175 2919 296 2953; x_wconf 83' lang='lat' dir='ltr'>margo</span> <span class='ocrx_word' id='word_1_352' title='bbox 311 2908 353 2942; x_wconf 88' lang='lat' dir='ltr'>Y.</span> <span class='ocrx_word' id='word_1_353' title='bbox 429 2914 447 2933; x_wconf 91' lang='lat'>0</span> <span class='ocrx_word' id='word_1_354' title='bbox 467 2910 519 2943; x_wconf 83' lang='grc' dir='ltr'>καὶ</span> <span class='ocrx_word' id='word_1_355' title='bbox 539 2908 625 2953; x_wconf 81' lang='grc' dir='ltr'>ξύλα</span> <span class='ocrx_word' id='word_1_356' title='bbox 644 2921 713 2944; x_wconf 88' lang='lat' dir='ltr'>om.</span> <span class='ocrx_word' id='word_1_357' title='bbox 729 2911 802 2944; x_wconf 86' lang='lat' dir='ltr'>A.1·.</span> <span class='ocrx_word' id='word_1_358' title='bbox 876 2916 896 2944; x_wconf 82' lang='grc' dir='ltr'>ἶ)</span> <span class='ocrx_word' id='word_1_359' title='bbox 916 2912 957 2945; x_wconf 85' lang='grc' dir='ltr'>τὰ</span> <span class='ocrx_word' id='word_1_360' title='bbox 976 2910 1153 2957; x_wconf 80' lang='grc' dir='ltr'>ἀργύρεια]</span> <span class='ocrx_word' id='word_1_361' title='bbox 1178 2913 1219 2946; x_wconf 87' lang='grc' dir='ltr'>τὰ</span> <span class='ocrx_word' id='word_1_362' title='bbox 1238 2911 1381 2958; x_wconf 80' lang='grc' dir='ltr'>ἀργύρια</span> <span class='ocrx_word' id='word_1_363' title='bbox 1400 2912 1513 2946; x_wconf 86' lang='lat' dir='ltr'>A.k.r.</span> <span class='ocrx_word' id='word_1_364' title='bbox 1543 2911 1687 2958; x_wconf 82' lang='grc' dir='ltr'>ἀργύρια</span> 
     </span>
     <span class='ocr_line' id='line_1_42' title="bbox 177 2960 1235 3008; baseline 0.007 -14"><span class='ocrx_word' id='word_1_365' title='bbox 177 2960 384 2996; x_wconf 83' lang='lat' dir='ltr'><strong>P.S.Y.O.S.</strong></span> <span class='ocrx_word' id='word_1_366' title='bbox 496 2968 515 2995; x_wconf 80' lang='lat' dir='ltr'>‘l</span> <span class='ocrx_word' id='word_1_367' title='bbox 535 2962 591 3008; x_wconf 77' lang='grc' dir='ltr'>οὐ]</span> <span class='ocrx_word' id='word_1_368' title='bbox 616 2963 694 3007; x_wconf 80' lang='grc' dir='ltr'>οὐχὶ</span> <span class='ocrx_word' id='word_1_369' title='bbox 712 2964 886 2999; x_wconf 84' lang='lat' dir='ltr'><strong>A.k.r.t.V.</strong></span> <span class='ocrx_word' id='word_1_370' title='bbox 1232 2980 1235 2981; x_wconf 51' lang='lat'><em>⁷</em></span> 
     </span>
    </p>
   </div>
  </div>
 </body>
</html>
