1954 3273
228 183 312 222 812
755 181 1220 236 [ΔΗΜΟΣΘΕΝΟὙΣ]
1338 182 1421 222 On.
1445 181 1595 222 XXV.
1618 196 1660 236 p.
1679 187 1775 234 777,
1791 195 1869 220 ³—

228 293 348 361 θήκῃ
373 298 468 344 τῶν
493 298 706 362 αἰσχρῶν
730 295 953 360 περίεστι,
975 297 1058 357 τῆς
1083 294 1428 360 ἀναισχυντίας,
1448 296 1531 356 τῆς
1557 294 1739 359 θρασύ-

162 396 214 438 29
228 400 379 440 τητος,
404 380 487 441 τῆς
513 379 758 431 ἀναιδείας,
802 376 966 439 ἰταμὸν
992 375 1084 441 γὰρ
1112 376 1139 438 ἡ
1166 377 1366 441 πονηρία
1386 378 1461 426 καὶ
1489 375 1743 442 Ιτολμηρὸν

227 462 303 509 καὶ
328 460 671 520 πλεονεκτικὸν,
697 462 773 510 καὶ
810 458 1078 509 τούναντίον
1116 459 1144 521 ἡ
1184 459 1512 524 καλοκαγαθία
1546 458 1773 526 ἡσύχιονὸ

227 544 302 592 καὶ
328 541 526 608 ὀκνηρὸν
553 545 627 592 καὶ
652 541 806 607 βραδὺ
840 543 915 592 καὶ
947 539 1096 591 δεινὸν
1134 543 1470 605 ἐλαττωθῆναι.
1513 540 1621 594 τοὺς
1659 541 1734 592 νό-

226 648 342 688 μους
368 626 448 676 οὖν
475 629 546 676 δεῖ
574 630 728 689 τηρεῖν
761 627 836 674 καὶ
870 623 1062 677 τούτους
1101 618 1324 692 ἶσχυροὺς
1360 630 1507 675 ποιεῖν
1542 624 1649 678 τοὺς
1674 627 1744 675 ἀεὶ

228 707 495 772 δικάζοντας
527 709 671 770 ὑμῶν·
714 706 833 770 μετὰ
853 706 945 771 γὰρ
971 707 1149 758 τούτων
1175 711 1217 758 οὶ
1243 710 1445 774 χρηστοὶ
1470 713 1564 758 τῶν
1588 731 1739 771 πονη-

225 796 321 857 ρῶν
345 792 585 856 περιέισιν.
629 794 666 840 εἰ
702 789 750 840 δὲ
774 789 854 853 μὴ,
882 789 1077 840 λέλυται
1115 789 1283 852 πάντα,
1312 791 1551 859 ἀνέῳκται,
1579 799 1738 856 “”συγ-
1758 815 1798 837 ιο

226 875 426 940 κέχυται,
477 877 570 923 τῶν
620 871 955 938 πονηροτάτων
1007 875 1082 922 καὶ
1133 873 1481 923 ἀναιδεστάτων
1532 874 1559 937 ἡ
1603 874 1744 927 πόλις

156 964 245 1018 30¹¹
264 958 488 1022 γίγνεται.
545 956 657 1024 φέρε
683 955 776 1021 γὰρ
799 955 919 1021 πρὸς
957 959 1089 1018 θεῶν,
1117 963 1135 983 ⁰
1151 961 1187 1007 εἰ
1213 956 1303 1009 Ρεἷς
1341 958 1539 1009 ἕκαστος
1578 961 1672 1006 τῶν
1697 958 1745 1006 ἐν

225 1044 283 1108 τῇ
320 1039 458 1092 πόλει
495 1039 580 1103 τὴν
605 1041 1014 1105 Ἀριστογείτονος
1049 1039 1261 1103 ᾳτόλμαν
1296 1042 1371 1090 καὶ
1407 1041 1745 1107 ἀναισχυντίαν

225 1123 406 1186 λαβὼν,
433 1126 508 1174 καὶ
548 1123 939 1188 διαλογισάμενος
978 1128 1111 1174 ταῦθ’
1140 1121 1258 1188 ἅπερ
1296 1124 1443 1186 οὗτος,
1477 1123 1547 1174 ὅτι
1585 1124 1743 1191 ἔξεστι

226 1210 301 1258 καὶ
328 1208 483 1273 λέγειν
508 1209 584 1258 καὶ
616 1212 763 1259 ποιεῖν
793 1206 929 1274 μέχρι
954 1205 1152 1260 Γπαντὸς
1179 1207 1204 1256 ὅ
1239 1229 1282 1256 τι
1317 1206 1375 1257 ἂν
1410 1206 1647 1270 βούληταί
1673 1229 1742 1260 τις
1759 1229 1793 1262 ¹5

225 1293 273 1341 ἐν
299 1292 598 1359 δημοκρατίᾳ,
626 1290 794 1355 ἐάνπερ
829 1296 910 1341 τοῦ
943 1290 1074 1343 ποῖός
1112 1313 1181 1343 τις
1219 1288 1332 1340 εἶναι
1359 1289 1509 1357 Ξδόξει
1544 1291 1569 1338 ὁ
1597 1296 1745 1340 ταῦτα

224 1378 372 1424 ποιῶν
410 1373 703 1440 ὀλιγωρήσῃ,
743 1375 818 1423 καὶ
856 1374 1003 1425 οὐδεὶς
1040 1374 1112 1423 ἐπ’
1135 1374 1283 1423 οὐδενὶ
1313 1377 1407 1423 τῶν
1446 1372 1745 1436 ἀδικημάτων

156 1456 358 1516 31εὐθῦς
394 1456 556 1507 ῖαύτὸν
592 1456 895 1507 “ἀποκτείνει·
939 1459 976 1506 εἰ
1014 1462 1161 1506 ταῦτα
1202 1457 1458 1518 διανοηθεὶς
1491 1456 1516 1504 ὁ
1552 1454 1617 1518 μὴ
1655 1462 1742 1505 λα-

226 1539 324 1606 χὼν
349 1544 415 1608 τῷ
441 1539 637 1606 λαχόντι
673 1541 747 1589 καὶ
775 1540 799 1589 ὁ
826 1538 889 1602 μὴ
916 1541 1254 1606 χειροτονηθεὶς
1279 1542 1345 1606 τῷ
1371 1538 1743 1604 χειροτονηθέντι

226 1624 282 1691 ἐξ
305 1623 412 1674 ’ίσου
439 1624 594 1689 ζητοίη
621 1621 734 1673 εἶναι
771 1624 846 1672 καὶ
878 1627 972 1671 τῶν
998 1623 1151 1671 αὐτῶν
1177 1621 1397 1687 μετέχειν,
1425 1622 1500 1670 καὶ
1527 1620 1650 1673 ὅλως
1675 1620 1740 1684 μὴ
1756 1640 1795 1661 ²0

226 1708 337 1769 νεός,
364 1707 428 1770 μὴ
454 1706 777 1772 πρεσβύτερος
814 1705 873 1756 τὰ
902 1703 1209 1771 προσήκοντα
1246 1703 1459 1770 πράττοι,
1486 1703 1618 1753 ἀλλὰ
1645 1709 1741 1754 πᾶν

223 1790 277 1841 τὸ
304 1791 588 1855 τεταγμένον
613 1789 847 1858 ἐξελάσας
883 1789 1082 1841 ἕκαστος
1114 1790 1163 1838 ἐκ
1198 1794 1280 1838 τοῦ
1307 1788 1414 1848 βίου
1439 1787 1524 1851 τὴν
1551 1789 1743 1838 Χὲαυτοῦ

224 1873 462 1937 βούλησιν
490 1872 646 1936 νόμον,
674 1872 837 1940 ἀρχὴν,
858 1872 997 1924 πάνθ’
1017 1870 1361 1934 ὑπολαμβάνοι·
1402 1874 1438 1921 εἰ
1465 1877 1612 1921 ταῦτα
1637 1894 1741 1922 ποι-

225 1963 366 2020 οῖμεν,
393 1958 523 2008 ἔστιν
548 1957 639 2007 Υὲτι
660 1956 773 2020 Ζτὴν
792 1955 936 2007 πόλιν
957 1959 1183 2005 οἰκεῖσθαι
1202 1976 1213 2014 3
1254 1955 1303 2004 τί
1319 1954 1401 2016 δε’;
1446 1952 1553 2007 τοὺς
1575 1954 1741 2016 νόμους
1757 1971 1792 2003 ²5

225 2043 407 2107 κυρίους
452 2039 564 2091 εἶναι
586 2063 598 2102 3
641 2039 802 2102 πόσην
843 2041 884 2088 δ’
926 2037 983 2089 ἂν
1025 2038 1178 2088 οἴεσθε
1218 2038 1329 2097 βίαν
1372 2039 1447 2087 καὶ
1488 2038 1624 2103 ὕβριν
1665 2039 1742 2087 καὶ

225 2124 520 2189 παρανομίαν
546 2125 594 2173 ἐν
621 2122 786 2190 ἁπάσῃ
826 2126 884 2188 τῇ
922 2121 1060 2173 πόλει
1100 2121 1199 2171 καθ’
1229 2118 1433 2183 ἑκάστην
1459 2119 1545 2183 τὴν
1568 2120 1743 2185 ἡμέραν

226 2208 474 2272 γίγνεσθαι
520 2209 594 2256 καὶ
638 2206 959 2272 βλασφημίαν
1000 2207 1100 2254 ἀντὶ
1146 2206 1228 2266 τῆς
1272 2209 1353 2253 νῦν
1395 2204 1624 2270 εὐφημίας
1667 2204 1742 2252 καὶ

157 2312 212 2354 32
225 2290 401 2357 τάξεως
425 2311 436 2350 ;
482 2291 554 2338 καὶ
582 2290 629 2338 τί
652 2291 722 2338 δεῖ
744 2289 898 2351 λέγειν
925 2286 995 2336 ὅτι
1022 2291 1116 2338 τοῖς
1149 2284 1305 2348 νόμοις
1332 2285 1518 2336 ἅπαντα
1544 2290 1734 2348 κοσμεῖ-

225 2397 300 2424 ται
340 2375 414 2423 καὶ
449 2376 514 2440 τῷ
553 2371 732 2424 τούτοις
770 2372 1045 2429 πείθεσθαι;
1086 2371 1199 2418 ἀλλ’
1229 2370 1354 2431 ὑμεῖς
1390 2369 1518 2418 αὐτοὶ
1552 2367 1742 2418 πάντων
1756 2375 1836 2429 778

227 2456 331 2521 ἄρτι
358 2456 686 2521 κληρουμένων
711 2455 990 2517 Ἀθηναίων,
1019 2454 1092 2502 καὶ
1118 2451 1308 2502 πάντων
1339 2452 1388 2501 εὖ
1415 2448 1496 2502 οἷδ’
1527 2451 1597 2501 ὅτι
1622 2456 1737 2512 βου-

227 2539 440 2602 λομένων
465 2543 526 2591 εἷς
552 2543 714 2587 ἢτοῦτο
740 2542 903 2603 λαχεῖν
935 2535 989 2585 τὸ
1016 2533 1332 2600 δικαστήριον,
1359 2532 1493 2597 μόνοι
1519 2533 1740 2599 ι’δικάζεθ’

283 2684 291 2711 ¹
312 2685 500 2730 τολμηρὸν]
526 2684 630 2727 τομὸν
647 2683 727 2716 A.k.
815 2687 843 2705 ¹¹¹
865 2681 1092 2726 συγκέχυται]
1117 2683 1135 2713 ὁ
1154 2679 1230 2720 βίος
1251 2682 1457 2726 συγκέχυται
1477 2681 1507 2713 Α
1522 2680 1555 2713 k.
1578 2685 1612 2713 et
1632 2693 1688 2724 γρ.
1707 2678 1742 2712 S.

229 2746 248 2764 ¹¹
269 2738 436 2785 γίγνεται]
461 2738 569 2781 μεστὴ
588 2734 740 2781 γίγνεται
760 2735 841 2768 A.k.
994 2741 1012 2759 0
1033 2735 1061 2767 εἷ
1081 2746 1151 2768 om.
1176 2735 1217 2768 Λ.
1375 2739 1393 2766 1‘
1414 2730 1460 2767 εἷς
1480 2745 1548 2766 om.
1572 2731 1740 2765 F.S.O.v.

230 2816 248 2842 (1
269 2806 415 2852 τόλμαν]
439 2795 569 2849 τόλμέιιν
589 2805 629 2838 F.
752 2809 766 2827 Γ
786 2803 926 2848 παντὸς]
951 2804 1042 2838 τινὸς
1061 2803 1183 2837 A.F.v.
1297 2809 1310 2827 S
1331 2801 1438 2847 δόξει]
1459 2802 1540 2845 δόξῃ
1562 2799 1740 2834 A.F.Y.O.

230 2862 301 2894 ΚΝ.
443 2858 457 2883 t
476 2859 578 2892 αὐτὸν
597 2869 666 2891 om.
689 2857 726 2890 F.
869 2861 888 2879 ¹¹
908 2854 1114 2901 ἀποκτείνει]
1137 2855 1329 2898 ἀποκτείνηι
1349 2855 1438 2888 Y.O.
1460 2861 1494 2888 et
1515 2859 1691 2887 correctus
1710 2865 1743 2887 v.

230 2914 403 2946 ἀποκτενεῖ
424 2912 546 2945 A.F.k.
568 2916 603 2945 et
623 2923 676 2956 pr.
699 2922 731 2942 v.
856 2914 873 2932 x
894 2909 1029 2953 ἑαυτοῦ]
1054 2911 1179 2942 ἑαυτῶν
1200 2908 1241 2941 Y.
1371 2914 1387 2940 y
1409 2908 1458 2941 ἔτι
1478 2919 1547 2940 om.
1571 2906 1742 2942 A.S.Y.k.

233 2973 248 2990 Ἀ
270 2966 328 3008 τὴν
348 2977 416 2999 om.
441 2965 512 2999 FN.
625 2969 643 2987 ἶ*
662 2961 780 3006 τοῦτο]
806 2962 898 2994 τουτὶ
920 2962 1080 2996 A.l⁴'.k.v.
1192 2957 1211 2984 b
1233 2959 1391 3005 δικάζεθ’]
1416 2959 1582 3002 δικάζεσθ“
1605 2959 1640 2993 S.
