1954 3273
0 0 21 238 ᾖ
71 155 277 206 —627,5.
634 156 772 193 ΚΑΤΑ
808 155 1270 193 ΑΡΙΣΤΟΚΡΑΤΟΎΣ.
1633 151 1716 192 657

133 272 181 313 18
259 265 356 317 '‘'Qv
381 266 464 329 μὲν
490 267 643 317 τοίνυν
670 267 780 316 ἕνεκ’
809 266 980 332 ἐρρήθη
1006 265 1059 316 τὸ
1085 266 1437 332 προβούλευμα,
1464 266 1538 315 ἵνα
1563 265 1711 330 κυρώ-

194 372 318 400 σειεν
354 352 379 400 ὁ
415 353 560 413 δῆμος
597 350 916 419 ἐξαπατηθεὶς,
950 352 1025 400 καὶ
1058 352 1112 400 δι’
1140 348 1170 400 ἃ
1202 350 1288 414 τὴν
1322 351 1514 417 γραφὴν
1547 352 1703 414 ἐποιη-
1727 373 1764 394 10

575 433 593 462 b

193 434 382 497 σάμεθα
416 436 543 498 ἡμεῖς
604 437 805 497 ταυτηνὶ,
837 432 1118 497 βουλόμενοι
1152 439 1380 496 κωλῦσαι,
1408 435 1536 484 ταῦτ’
1566 435 1709 496 ἐστὶν,

193 518 230 570 ὦ
262 519 424 585 ἄνδρες
457 524 712 584 Ἀθηναῖοι.
767 521 942 571 δίκαιον
974 521 1011 569 δ’
1041 520 1170 569 ἐστὶν
1205 519 1320 572 ἴσως
1355 518 1432 581 ἐμὲ
1465 520 1705 585 Οὑπεσχη-

133 604 332 667 19με’νον
371 605 474 669 τριά
518 604 771 672 ἐπιδείξειν,
812 603 861 653 ἓν
904 603 988 667 μὲν
1028 606 1089 657 ὡς
1127 603 1258 669 παρὰ
1300 603 1404 657 τοὺς
1448 603 1614 666 νόμους
1655 602 1709 653 τὸ

0 619 4 775 Ι
192 687 430 756 ψήφισμα
471 688 659 753 εἴρηται,
699 688 911 754 δεύτερον
950 687 999 738 δὲ
1043 690 1105 741 ὡς
1146 687 1431 756 ἀσύμφορόν
1469 686 1606 738 ᾱέστι
1651 691 1761 755 τῇι5

191 772 342 834 πόλει,
373 772 531 838 τρίτον
567 775 607 822 δ’
636 774 698 824 ὡς
732 770 921 840 ἀνάξιός
955 773 1059 822 ἐστι
1094 777 1279 839 ετυχεῖν
1316 772 1495 823 τούτων
1528 769 1589 822 fcf)
1623 772 1705 837 γέ-

1563 824 1573 840 ι

192 878 411 922 γραπται,
439 863 460 891 g
469 855 660 907 πάντων
686 856 867 921 αἵρεσιν
902 857 1009 918 ὑμῖν
1042 858 1200 907 δοῦναι
1234 861 1329 911 τοῖς
1363 855 1708 919 ἀκουσομένοις,

191 941 239 991 τί
279 945 467 1006 πρῶτον
511 939 539 1005 ἢ
585 941 634 991 τί
675 940 888 1006 δεύτερον
933 939 961 1005 ἦ
1006 940 1054 991 τί
1095 946 1361 992 τελευταῖον
1405 940 1710 1003 βουλομένοις

191 1024 404 1075 Ἀάκούειν
440 1027 546 1088 ὑμῖν
579 1026 725 1075 ἐστίν.
783 1025 808 1075 ὅ
833 1048 877 1075 τι
904 1024 979 1088 ἰδὴ
1005 1025 1259 1087 βούλεσθε,
1286 1026 1435 1092 ὁρᾶτε,
1462 1025 1537 1075 ἵνα
1571 1031 1709 1076 τοῦτο

192 1109 317 1175 λέγω
353 1114 541 1175 πρῶτον
581 1110 703 1172 ὑμῖν.
758 1113 863 1175 περὶ
898 1115 980 1160 τοῦ
1011 1108 1285 1175 παρανόμου
1311 1108 1550 1170 βούλεσθε
1580 1113 1708 1175 πρῶ-
1724 1138 1763 1158 20

128 1215 303 1253 2οτονς
351 1198 486 1243 τοῦτο
533 1193 687 1243 τοίνυν
724 1194 931 1258 ἐροῦμεν.
988 1191 1019 1243 ἃ
1057 1193 1114 1256 δὴ
1154 1193 1352 1256 ι(δέομαί
1388 1216 1438 1243 τε
1477 1197 1552 1244 καὶ
1591 1193 1708 1261 ἀξιῶ

190 1276 319 1343 παρὰ
367 1276 557 1328 πάντων
617 1278 744 1340 ὑμῶν
795 1282 964 1344 τυχεῖν,
1016 1276 1206 1339 1δίκαια,
1258 1275 1318 1331 ὥς
1369 1279 1458 1342 my'
1511 1276 1710 1339 ἐμαυτὸν

189 1362 352 1411 πείθω·
393 1361 549 1424 μηδεὶς
589 1362 731 1423 ὑμῶν,
765 1358 801 1410 ὦ
841 1360 1002 1426 ἄνδρες
1037 1362 1291 1424 Ἀθηναῖοι,
1327 1365 1392 1430 τῷ
1431 1365 1709 1429 διεψεῦσθαι

189 1450 272 1495 τοῦ
309 1444 584 1509 Χαριδήμου
631 1446 704 1495 καὶ
750 1443 946 1510 νομίζειν
986 1444 1228 1510 εὐεργέτην
1273 1443 1386 1495 εἶναι
1426 1449 1708 1512 φιλονεικῶν
1723 1473 1759 1504 ²5

190 1528 559 1596 δυσχερέστερον
585 1527 691 1582 τοὺς
722 1531 826 1594 περὶ
859 1533 954 1579 τῶν
986 1528 1141 1593 νόμων
1168 1528 1342 1595 λόγους
1367 1528 1578 1598 ῐὶάκούσῃ
1604 1552 1707 1593 μου,

190 1614 295 1675 μηδ’
327 1611 636 1680 ἀποστερήσῃ
674 1611 749 1663 διὰ
783 1619 921 1664 τοῦτο
960 1612 1066 1677 μήθ’
1101 1612 1265 1664 ἑαυτὸν
1299 1619 1382 1663 τοῦ
1420 1613 1587 1664 θέσθαι
1624 1613 1710 1677 τὴν

191 1699 360 1763 ψῆφον
394 1697 583 1763 εὔορκον
617 1697 720 1760 μήτ’
751 1696 860 1759 Οέμὲ
893 1703 975 1747 τοῦ
1007 1697 1192 1766 διδάξαι
1226 1700 1331 1763 περὶ
1367 1697 1558 1748 πάντων
1593 1699 1710 1760 ὑμᾶς

193 1782 254 1833 ὡς
287 1781 535 1844 βούλομαι,
572 1779 703 1830 ἀλλὰ
738 1780 1059 1845 Ι)ποιησοῖσθω
1098 1781 1183 1845 τὴν
1222 1780 1451 1848 ἀκρόασιν
1491 1783 1589 1832 ὡδί·
1633 1785 1710 1832 καὶ

128 1868 483 1914 219σκοπεῖσθε
522 1865 615 1916 Υὼς
654 1865 806 1914 δίκαια
844 1865 944 1930 ἐρῶ.
1000 1864 1113 1915 ὅταν
1152 1865 1267 1928 5μὲν
1306 1866 1432 1932 λέγω
1470 1868 1576 1931 περὶ
1615 1870 1708 1917 τῶν
1722 1880 1802 1932 627

193 1947 359 2010 νόμων,
392 1946 586 2016 ἀφελὼν
625 1947 717 2017 ὅτῳ
755 1948 809 1998 τὸ
847 1946 1087 2016 ψήφισμα
1124 1948 1298 2014 εἴρηται
1337 1951 1410 1999 καὶ
1449 1951 1568 2018 ποίῳ
1607 1952 1707 2011 τινὶ,

191 2031 487 2081 ἵσκοπείσθω
522 2037 542 2056 ¹¹
555 2028 753 2096 πότερον
784 2030 944 2097 Χπαρόι
976 2031 1083 2086 τοὺς
1120 2032 1289 2096 νόμους
1322 2032 1350 2097 ἢ
1385 2041 1402 2068 5
1413 2034 1512 2083 κατ’
1542 2033 1708 2088 αὐτοὺς

192 2115 411 2180 ῑεῖρηται,
450 2116 524 2165 καὶ
567 2113 712 2178 μηδὲν
750 2115 891 2165 ἄλλο·
943 2116 1056 2167 ὅταν
1095 2118 1132 2166 δ’
1170 2116 1351 2184 ἐλέγχω
1389 2117 1449 2168 τὰ
1486 2141 1701 2184 πεπραγ-
1720 2144 1736 2174 5

244 2291 263 2320 b
283 2295 436 2341 ταυτηνὶ]
461 2294 583 2339 ταύτην
604 2296 678 2330 FN.
871 2302 887 2321 C
914 2297 1167 2345 ὑπεσχημένον]
1201 2298 1438 2343 ὑπεσχημένον
1464 2300 1541 2344 ὑμῖν
1564 2301 1706 2336 A.k.r.s.

192 2344 209 2372 d
231 2348 305 2382 ἐστι
324 2361 394 2383 om.
415 2350 562 2383 A.k.r.s.
688 2354 704 2373 e
724 2351 838 2395 τυχεῖν
858 2349 1002 2397 τούτων]
1027 2350 1157 2385 τούτων
1176 2355 1292 2397 τυχεῖν
1310 2354 1345 2388 k.
1458 2351 1473 2378 f
1490 2350 1532 2401 ᾧ]
1557 2350 1602 2388 ὧν
1622 2355 1706 2388 F.Y.

192 2401 310 2435 O.k.v.
441 2408 462 2436 g
479 2403 614 2436 πάντων
636 2402 718 2437 S.Y.
750 2403 908 2438 ἁπάντων
927 2403 1056 2438 τούτων
1074 2406 1194 2451 vulgo.
1226 2406 1354 2441 τούτων
1375 2419 1443 2442 om.
1466 2408 1571 2442 etiam
1591 2421 1643 2454 pr.
1663 2407 1705 2442 O.

192 2451 213 2478 h
232 2454 362 2488 ἀκούειν
381 2455 457 2499 ὑμῖν
477 2456 573 2489 ἐστίν
594 2455 722 2490 S.Y.O.
754 2457 830 2500 ὑμῖν
850 2457 946 2491 ἐστὶν
965 2457 1095 2492 ἀκούειν
1114 2460 1234 2505 vulgo.
1310 2458 1320 2485 i
1341 2461 1380 2504 δὴ
1401 2473 1469 2495 om.
1487 2474 1515 2496 1’.
1593 2460 1610 2483 k
1631 2460 1706 2495 δέο-

191 2506 254 2550 μαί
270 2507 323 2553 τε]
347 2508 463 2552 δέομαι
486 2509 520 2542 S.
635 2506 640 2528 ¹
661 2509 781 2551 δίκαια,
803 2509 863 2556 ὥς]
889 2509 1020 2546 δικαίως
1042 2512 1116 2546 F.v.
1222 2519 1247 2535 ΥΠ
1267 2513 1297 2558 γ’
1318 2515 1433 2560 recepi
1453 2527 1494 2549 ex
1519 2514 1650 2549 S.Y.O.
1672 2520 1707 2549 et

192 2573 261 2595 rec.
284 2573 314 2594 V.
413 2565 427 2581 Π
450 2561 576 2604 ἀκούσῃ
597 2577 661 2605 μου
684 2562 815 2596 S.Y.O.
847 2563 939 2606 ἡμῶν
957 2563 1085 2607 ἀκούσῃ
1105 2566 1222 2612 vulgo.
1316 2573 1334 2592 0
1355 2568 1411 2611 ἐμὲ
1431 2567 1508 2613 τοῦ]
1533 2568 1594 2612 ἐμέ
1608 2583 1659 2603 τις
1678 2581 1706 2602 Γ.

193 2634 211 2661 Ρ
233 2630 453 2675 ποιησάσθω]
477 2625 681 2673 ποιησάσθαε)
701 2632 735 2665 k.
844 2639 863 2665 q
885 2635 1087 2681 σκοπεῖσθε]
1114 2638 1318 2672 σκοπεῖσθαι
1338 2639 1410 2672 A.s.
1432 2644 1466 2673 et
1487 2651 1540 2684 pr.
1562 2651 1589 2672 r.
1621 2652 1704 2672 σκο-

192 2692 321 2733 πεῖσθιευ
337 2700 373 2733 k.
409 2699 604 2734 σκοπείσθω
626 2702 700 2735 F.v.
722 2708 755 2736 et
775 2715 844 2738 rec.
865 2716 893 2738 r.
978 2711 992 2729 Γ
1012 2705 1054 2740 ὣς
1076 2704 1200 2753 δίκαια]
1228 2708 1299 2743 ὡδί.
1335 2710 1388 2742 καὶ
1406 2707 1427 2742 ἂ
1446 2709 1552 2743 A.1·.S.
1593 2708 1634 2743 ὡς
1657 2707 1706 2742 δι’·

193 2766 266 2785 καια
286 2749 306 2784 ἃ
326 2753 442 2798 vulgo.
501 2760 514 2778 S
535 2754 611 2800 μὲν]
636 2756 696 2797 μὲν
714 2756 781 2800 γὰρ
801 2758 904 2791 A.r.s.
964 2761 973 2779 t
995 2760 1192 2794 σκοπείσθω
1215 2761 1295 2795 S.Y.
1326 2764 1467 2795 σκοπεῖν
1485 2762 1602 2807 vulgo.
1634 2773 1703 2796 om.

191 2819 246 2849 γρ.
269 2805 306 2838 S.
429 2813 448 2831 U
469 2808 614 2850 πότερον
636 2808 763 2842 S.Y.O.
793 2811 919 2854 πότερα
939 2811 973 2844 k.
1003 2814 1080 2857 περὶ
1099 2815 1159 2847 τοῦ
1179 2816 1307 2860 πότερα
1326 2816 1432 2850 A.r.s.
1462 2816 1540 2860 περὶ
1559 2816 1620 2849 τοῦ
1640 2816 1705 2848 πό-

193 2871 290 2902 τερον
307 2870 338 2891 v.
368 2860 444 2903 περὶ
462 2861 523 2893 τοῦ
544 2860 582 2893 F.
603 2866 637 2894 et
657 2875 713 2906 γρ.
738 2862 773 2896 S.
899 2869 914 2885 x
937 2865 1181 2913 παρὰ-κατὰ]
1205 2868 1432 2912 κατὰ-παρὰ
1452 2868 1487 2901 k.
1598 2873 1615 2897 5
1635 2867 1706 2901 κατ’

191 2911 312 2946 αὐτοὺς
334 2911 462 2946 S.Y.O.
495 2914 575 2946 κατὰ
595 2914 674 2949 τοὺς
693 2916 814 2958 νόμους
834 2917 939 2962 vulgo
959 2924 994 2951 et
1012 2932 1066 2964 γρ.
1090 2919 1124 2953 S.
1267 2928 1280 2943 Ζ
1302 2920 1446 2966 εἴρηται]
1471 2919 1598 2966 εἴρηται
1618 2935 1701 2955 σκο-

190 2964 320 2998 πείσθω
341 2965 559 2999 A.F.k.r.sx.
583 2974 616 3000 et
636 2982 690 3013 γρ.
713 2968 747 3003 S.

886 3044 1003 3072 ΑΗΖ
