1954 3273
34 155 186 210 —564‚
205 171 256 199 27.
710 159 851 196 ΚΑΤΑ
885 159 1132 196 ΜΕῘΔῘΟὙ.
1597 158 1681 199 593

156 267 390 328 λαμβάνω
441 267 656 332 τιμήσειν
710 267 893 321 οὐδενὸς
948 267 1198 322 ἐλάττονος
1249 268 1399 337 τούτῳ
1451 267 1510 332 ti}
1563 269 1680 318 ὅσον
1692 277 1779 328 564

155 354 398 404 ι1καταθεῖς
424 351 586 405 Χοὗτος
611 351 845 402 παύσεται
872 354 954 414 τῆς
981 353 1175 417 ὕβρεως·
1216 358 1355 402 τοῦτο
1382 353 1419 402 δ’
1448 353 1550 401 ἐστὶ
1582 352 1677 415 μά-

155 440 304 485 λιστα
336 433 422 498 μὲν
445 433 669 496 θάνατος,
702 438 737 485 εἰ
776 434 823 485 δὲ
857 433 936 498 μὴ,
963 434 1120 485 πάντα
1153 434 1212 485 τὰ
1248 435 1361 486 ὄντα
1393 434 1675 503 ἀφελέσθαι.

155 516 294 567 ἔπειθ’
325 516 439 583 ὑπὲρ
464 522 558 568 τῶν
584 517 751 568 τούτου
785 523 1088 584 λειτουργιῶν
1121 521 1196 569 καὶ
1228 523 1569 585 Υτριηραρχιῶν
1605 521 1710 569 καὶὸ

65 614 143 659 195
156 606 249 652 τῶν
280 600 502 652 τοιούτων
537 601 698 666 λόγων
731 604 814 652 ὡδὶ
850 602 1118 668 γιγνώσκω.
1172 607 1209 653 εἰ
1242 603 1328 665 μέν
1354 604 1497 664 ἐστιν,
1527 599 1564 651 ὦ
1591 601 1674 651 ἄν·

157 688 260 751 δρες
295 685 551 748 Ἀθηναῖοι,
588 684 642 735 τὸ
678 691 963 752 λειτουργεῖν
997 692 1147 748 τοῦτο,
1180 685 1234 736 τὸ
1269 688 1318 736 ἐν
1354 687 1460 749 ὑμῖν
1491 685 1681 750 Ζλέγειν

156 771 238 820 ἢέν
282 769 492 823 ἀπάσαις
536 775 636 822 ταῖς
680 770 953 834 ἐκκλησίαις
1004 772 1079 820 καὶ
1129 775 1373 836 πανταχοῦ
1419 776 1445 798 “
1465 770 1594 832 ἡμεῖς
1640 774 1681 819 οἱ

867 851 1293 922 Ι’προεισφέροντες
1329 855 1448 916 ὑμῖν,
1477 854 1604 917 ἡμεῖς
1639 856 1682 903 οἱ

156 860 183 882 “
208 859 600 919 λειτουργοῦντες,
629 853 754 916 ἡμεῖς
791 857 833 903 οἱ

155 944 182 966 “
207 937 438 988 πλούσιοί
470 938 654 1001 ἐσμεν,”
691 941 728 987 εἰ
765 936 819 987 τὸ
855 937 946 988 οτιῖι
980 944 1172 988 τοιαῦτα
1212 937 1380 1002 λέγειν,
1417 939 1538 988 τοῦτ’
1576 937 1678 988 ἔστι
1697 962 1734 982 ιο

155 1020 484 1087 ἀλειτουργεῖν,
512 1023 733 1086 ὁμολογῶ
763 1023 965 1072 Μειδίαν
992 1021 1215 1072 ἁπάντων
1240 1026 1334 1071 τῶν
1366 1023 1414 1071 ἐν
1448 1025 1506 1088 τῇ
1542 1021 1680 1073 πόλει

154 1104 493 1170 λαμπρότατον
531 1108 866 1169 Θγεγενῆσθαι·
924 1105 1163 1155 ἀποκναίει
1207 1103 1301 1168 γὰρ
1346 1104 1482 1171 ἀηδίᾳ
1529 1101 1680 1166 δήπου

156 1190 231 1239 καὶ
266 1189 558 1257 ἀναισθησίᾳ
592 1189 694 1239 καθ’
727 1187 933 1253 ἑκάστην
967 1186 982 1214 f
991 1188 1077 1252 τὴν
1112 1188 1371 1251 ἐκκλησίαν
1408 1193 1557 1237 ταῦτα
1594 1188 1674 1237 λε’-

66 1284 143 1338 196
156 1294 270 1337 γων.
326 1275 364 1321 εὶ
389 1272 546 1335 μέντοι
571 1273 620 1322 τί
641 1274 745 1323 ποτ’
771 1274 901 1322 ἐστὶν
928 1269 958 1322 ἂ
985 1276 1250 1337 λειτουργεῖ
1275 1275 1333 1338 τῇ
1361 1272 1588 1339 ἕάληθείᾳ
1614 1275 1731 1327 δεῖι5

156 1361 366 1418 σκοπεῖν,
398 1355 490 1420 ἐγὼ
525 1354 643 1421 πρὸς
682 1358 798 1419 ὑμᾶς
835 1357 937 1421 ἐρῶ.
996 1356 1071 1405 καὶ
1113 1355 1357 1405 θεάσασθε
1396 1357 1457 1407 ὡς
1497 1354 1681 1407 δικαίως

156 1438 298 1489 αὐτὸν
336 1437 560 1507 ἐξετάσω,
599 1439 717 1505 πρὸς
763 1437 963 1502 ἐμαυτὸν
1007 1439 1190 1504 κρίνων.
1254 1438 1400 1500 οὗτος,
1442 1436 1478 1488 ὦ
1518 1438 1681 1503 ἄνδρες

155 1523 410 1587 Ἀθηναῖοι,
452 1522 659 1588 γεγονὼς
698 1523 776 1587 ε”τη
815 1525 919 1588 περὶ
958 1523 1248 1587 πεντήκοντα
1291 1523 1409 1577 ἰ’σως
1447 1521 1475 1586 ἦ
1515 1521 1682 1589 μικρὸν

156 1604 404 1669 ιιἔλαττον,
449 1606 582 1657 οὐδὲν
626 1609 737 1671 ἐμοῦ
787 1609 979 1660 πλείους
1024 1609 1316 1673 λειτουργίας
1368 1608 1474 1670 ὑμῖν
1518 1613 1678 1656 λελει-

67 1702 144 1746 197
158 1689 426 1756 τούργηκεν,
463 1689 513 1744 ὃς
548 1691 630 1741 δύο
667 1693 758 1741 καῖ’
781 1690 1031 1756 τριάκοντα
1070 1691 1148 1754 ἔτη
1183 1692 1372 1756 γέγονα.
1431 1690 1562 1756 κάγὼ
1597 1690 1681 1754 μὲν
1694 1715 1734 1736 20

157 1775 255 1823 κατ’
285 1774 482 1826 ἐκείνους
514 1772 622 1825 τοὺς
657 1773 852 1839 χρόνους
887 1773 1235 1841 ἐτριηράρχουν,
1261 1773 1394 1827 εὐθὺς
1423 1776 1471 1824 ἐκ
1500 1775 1682 1825 παίδων

156 1854 378 1924 ἐξελθών,
415 1855 490 1906 ὅτε
529 1856 705 1907 σύνδυο
743 1856 882 1921 ἱἦμεν
921 1861 962 1908 οἱ
1001 1857 1274 1924 τριήραρχοι
1312 1860 1387 1908 καὶ
1427 1856 1676 1908 ιςτοίναλώ-

156 1962 283 2001 ματα
326 1938 483 1990 πάντα
527 1941 577 1990 ἐκ
615 1945 710 1990 τῶν
747 1939 901 1992 1ἰδίων
939 1942 1288 2004 ιΉέδαποινιῖψεν
1327 1944 1400 1991 καὶ
1449 1941 1533 1994 τὰς
1571 1947 1682 1995 ναῦς

157 2022 500 2088 Πέπληρούμεθ
555 2025 699 2074 αὐτοί·
764 2025 897 2077 οὗτος
949 2024 1011 2086 δὲ,
1064 2025 1139 2076 ὅτε
1196 2025 1281 2087 μὲν
1337 2026 1457 2076 κατὰ
1506 2026 1681 2090 ταύτην

158 2104 244 2170 τὴν
278 2107 462 2170 ἡλικίαν
495 2105 586 2170 Οῆν
618 2106 675 2171 ἢν
711 2107 803 2172 ἐγὼ
840 2114 935 2171 νῦν,
962 2109 1140 2159 οὐδέπω
1176 2114 1463 2175 λειτουργεῖν
1494 2110 1730 2177 ἠ’ρχετο,25

70 2199 147 2253 198
161 2195 410 2253 τηνικαῦτα
455 2189 504 2240 δὲ
547 2197 629 2241 τοῦ
673 2190 952 2257 πράγματος
993 2192 1187 2256 Ρῆπται,
1233 2191 1308 2243 ὅτε
1357 2197 1546 2258 πρῶτον
1594 2192 1680 2255 μὲν

160 2275 425 2327 διακοσίους
463 2276 538 2325 καὶ
577 2276 756 2342 χιλίους
793 2275 1072 2339 πεποιήκατε
1111 2281 1354 2329 συντελεῖς
1395 2278 1534 2339 ὑμεῖς,
1567 2279 1677 2344 παρ’

214 2456 228 2481 ¹³
247 2456 265 2500 ἢ
287 2456 388 2503 ὅσον]
413 2457 450 2501 ἧς
470 2457 507 2491 ὃν
529 2459 563 2492 S.
662 2464 682 2483 ¹1
703 2459 871 2505 καταθεὶς]
896 2461 1007 2495 καθεὶς
1025 2461 1135 2494 A.k.r.
1240 2467 1256 2482 x
1278 2459 1379 2495 οὗτος
1398 2461 1519 2495 A.S.k.
1549 2462 1678 2496 οὑτωσὶ

162 2510 233 2544 F.r.
264 2510 463 2556 Legebatur
482 2511 616 2547 οὑτοσί.
671 2518 691 2545 Y
710 2513 951 2558 τριηραρχιῶν]
975 2517 1041 2548 τῶν
1061 2518 1286 2559 τριηραρχιῶν
1307 2514 1513 2549 P.S.Y.O.S.
1582 2520 1601 2540 Ζ
1620 2515 1677 2549 λε’-

160 2578 232 2608 γειν
251 2569 331 2608 post
350 2563 497 2598 ἁπάσαις
515 2565 639 2599 Y.O.S.
727 2570 747 2589 a
765 2566 800 2598 ἐν
819 2577 888 2599 om.
909 2578 961 2611 pr.
982 2579 1014 2601 V.
1099 2563 1120 2591 b
1139 2568 1428 2612 προεισφέροντες
1449 2568 1541 2613 ὑμῖν]
1566 2583 1660 2614 προσ

161 2617 326 2660 φέροντες
345 2616 422 2659 ἡμῖν
443 2617 486 2650 Ο.
609 2623 626 2642 ⁰
645 2618 686 2651 τὰ
706 2629 775 2651 om.
797 2617 841 2653 Ο.
959 2616 978 2643 d
996 2620 1224 2666 λειτουργεῖν]
1250 2621 1289 2653 τὸ
1308 2622 1519 2665 λειτουργεῖν
1540 2622 1664 2655 F.s.t.v

161 2674 178 2693 e
198 2668 418 2714 γεγενῆσθαι]
442 2669 600 2714 γενέσθαι
620 2671 736 2705 A.k.r.
825 2667 841 2695 f
857 2671 917 2714 τὴν
937 2684 1007 2706 om.
1030 2673 1288 2708 A.F.k.r.s.t.v.
1373 2679 1394 2706 g
1413 2673 1569 2719 ἀληθείᾳ]
1594 2674 1677 2717 ἀλη-

162 2745 234 2790 θείᾳ
253 2746 381 2790 μειδίας
399 2748 511 2782 A.k.r.
579 2745 600 2772 h
618 2749 764 2782 ἔλαττον
784 2749 820 2782 S.
849 2748 979 2783 ἐλάττω
997 2751 1116 2797 vulgo.
1179 2749 1189 2775 i
1210 2750 1307 2797 ἦμεν]
1333 2735 1422 2795 ἧθιιῖῖ
1442 2753 1480 2786 F.
1539 2749 1558 2776 k
1578 2752 1677 2786 τάνα-

161 2799 302 2843 λώματα
323 2799 442 2834 P.O.s.
472 2801 513 2834 τὰ
532 2800 733 2844 ἀναλώματα
752 2802 870 2847 vulgo.
945 2799 956 2827 1
976 2803 1068 2837 ἰδίων
1087 2805 1197 2853 Α.1(.ιζ.
1234 2805 1434 2850 Legebatur
1454 2803 1547 2839 ἰδίων
1566 2804 1675 2839 οἴκων.

163 2857 193 2876 m
214 2852 428 2895 ἐδαπανῶμεν
447 2865 518 2888 om.
541 2854 754 2890 P.S.Y.O.V.
915 2861 934 2879 Π
955 2856 1194 2902 ἐπληρούμεθ’]
1218 2857 1430 2902 ἐπληροῦμεν
1448 2858 1674 2894 A.F.k.r.t.v.

163 2909 182 2928 0
202 2903 241 2947 ἦν
260 2917 329 2939 om.
352 2906 621 2942 P.S.Y.O.s.t.v.
728 2913 747 2940 P
767 2906 884 2952 ἧπται]
906 2922 961 2953 γρ.
982 2907 1099 2954 ἦρκται
1120 2911 1334 2955 adscriptum
1353 2910 1389 2944 in
1410 2911 1451 2944 B.
1473 2916 1507 2945 et
1529 2911 1565 2946 S.

883 2982 955 3011 (22
