<?xml version="1.0" encoding="UTF-8"?>
<!DOCTYPE html PUBLIC "-//W3C//DTD XHTML 1.0 Transitional//EN"
    "http://www.w3.org/TR/xhtml1/DTD/xhtml1-transitional.dtd">
<html xmlns="http://www.w3.org/1999/xhtml" xml:lang="en" lang="en">
 <head>
  <title>
</title>
<meta http-equiv="Content-Type" content="text/html;charset=utf-8" />
  <meta name='ocr-system' content='tesseract 3.04.00' />
  <meta name='ocr-capabilities' content='ocr_page ocr_carea ocr_par ocr_line ocrx_word'/>
</head>
<body>
  <div class='ocr_page' id='page_1' title='image "./operaexrecension02demouoft_0288.png"; bbox 0 0 1954 3273; ppageno 0'>
   <div class='ocr_carea' id='block_1_1' title="bbox 233 143 1868 208">
    <p class='ocr_par' dir='ltr' id='par_1_1' title="bbox 233 143 1868 208">
     <span class='ocr_line' id='line_1_1' title="bbox 233 143 1868 208; baseline -0.002 -13"><span class='ocrx_word' id='word_1_1' title='bbox 233 153 315 196; x_wconf 76' lang='lat'>760</span> <span class='ocrx_word' id='word_1_2' title='bbox 768 157 1196 195; x_wconf 66' lang='grc' dir='ltr'>ΔΗΜΟΣΘΕΝΟΎΣ</span> <span class='ocrx_word' id='word_1_3' title='bbox 1286 155 1368 194; x_wconf 68' lang='lat' dir='ltr'>On.</span> <span class='ocrx_word' id='word_1_4' title='bbox 1392 155 1571 195; x_wconf 78' lang='lat' dir='ltr'>XXIV.</span> <span class='ocrx_word' id='word_1_5' title='bbox 1595 143 1635 208; x_wconf 73' lang='grc' dir='ltr'>ρ’.</span> <span class='ocrx_word' id='word_1_6' title='bbox 1655 155 1751 206; x_wconf 77' lang='lat'>728,</span> <span class='ocrx_word' id='word_1_7' title='bbox 1773 165 1868 189; x_wconf 73' lang='lat'>14—-</span> 
     </span>
    </p>
   </div>
   <div class='ocr_carea' id='block_1_2' title="bbox 535 272 555 282">
    <p class='ocr_par' dir='ltr' id='par_1_2' title="bbox 535 272 555 282">
     <span class='ocr_line' id='line_1_2' title="bbox 535 272 555 282; baseline 0 0"><span class='ocrx_word' id='word_1_8' title='bbox 535 272 555 282; x_wconf 63' lang='lat' dir='ltr'>n</span> 
     </span>
    </p>
   </div>
   <div class='ocr_carea' id='block_1_3' title="bbox 143 266 1850 2821">
    <p class='ocr_par' dir='ltr' id='par_1_3' title="bbox 233 266 1745 413">
     <span class='ocr_line' id='line_1_3' title="bbox 233 266 1745 337; baseline -0.001 -20"><span class='ocrx_word' id='word_1_9' title='bbox 233 271 396 333; x_wconf 86' lang='grc' dir='ltr'>λαχεῖν</span> <span class='ocrx_word' id='word_1_10' title='bbox 432 269 558 337; x_wconf 59' lang='lat' dir='ltr'><em>ain-cp</em></span> <span class='ocrx_word' id='word_1_11' title='bbox 591 268 740 319; x_wconf 66' lang='grc' dir='ltr'>ἕκατοὶ</span> <span class='ocrx_word' id='word_1_12' title='bbox 779 272 873 318; x_wconf 89' lang='grc' dir='ltr'>τῶν</span> <span class='ocrx_word' id='word_1_13' title='bbox 908 270 1144 318; x_wconf 82' lang='grc' dir='ltr'>δικαστῶν</span> <span class='ocrx_word' id='word_1_14' title='bbox 1181 271 1275 318; x_wconf 90' lang='grc' dir='ltr'>τῶν</span> <span class='ocrx_word' id='word_1_15' title='bbox 1311 266 1745 333; x_wconf 77' lang='grc' dir='ltr'>προστιμησάντων</span> 
     </span>
     <span class='ocr_line' id='line_1_4' title="bbox 233 354 534 413; baseline 0.003 -13"><span class='ocrx_word' id='word_1_16' title='bbox 233 355 316 401; x_wconf 81' lang='grc' dir='ltr'>τοῦ</span> <span class='ocrx_word' id='word_1_17' title='bbox 343 354 534 413; x_wconf 87' lang='grc' dir='ltr'>δεσμοῦ.</span> 
     </span>
    </p>

    <p class='ocr_par' dir='ltr' id='par_1_4' title="bbox 143 431 1803 1082">
     <span class='ocr_line' id='line_1_5' title="bbox 143 431 1797 502; baseline 0.002 -21"><span class='ocrx_word' id='word_1_18' title='bbox 143 452 216 481; x_wconf 90' lang='lat'>101</span> <span class='ocrx_word' id='word_1_19' title='bbox 297 432 369 484; x_wconf 59' lang='lat' dir='ltr'>AO</span> <span class='ocrx_word' id='word_1_20' title='bbox 395 433 456 496; x_wconf 76' lang='grc' dir='ltr'>δὲ,</span> <span class='ocrx_word' id='word_1_21' title='bbox 476 439 676 485; x_wconf 83' lang='grc' dir='ltr'>πολλῶν</span> <span class='ocrx_word' id='word_1_22' title='bbox 702 434 849 485; x_wconf 78' lang='grc' dir='ltr'>ὄντων</span> <span class='ocrx_word' id='word_1_23' title='bbox 874 436 949 484; x_wconf 81' lang='grc' dir='ltr'>καὶ</span> <span class='ocrx_word' id='word_1_24' title='bbox 975 436 1135 484; x_wconf 88' lang='grc' dir='ltr'>δεινῶν</span> <span class='ocrx_word' id='word_1_25' title='bbox 1161 431 1225 483; x_wconf 85' lang='grc' dir='ltr'>ῶν</span> <span class='ocrx_word' id='word_1_26' title='bbox 1251 435 1299 484; x_wconf 84' lang='grc' dir='ltr'>ἐν</span> <span class='ocrx_word' id='word_1_27' title='bbox 1318 438 1383 502; x_wconf 76' lang='grc' dir='ltr'>τῷ</span> <span class='ocrx_word' id='word_1_28' title='bbox 1410 432 1536 501; x_wconf 76' lang='grc' dir='ltr'>νόμῳ</span> <span class='ocrx_word' id='word_1_29' title='bbox 1561 432 1743 493; x_wconf 78' lang='grc' dir='ltr'>τέθεικε,</span> <span class='ocrx_word' id='word_1_30' title='bbox 1764 455 1797 485; x_wconf 83' lang='lat'>¹5</span> 
     </span>
     <span class='ocr_line' id='line_1_6' title="bbox 234 515 1747 585; baseline 0.001 -18"><span class='ocrx_word' id='word_1_31' title='bbox 234 516 433 579; x_wconf 85' lang='grc' dir='ltr'>μάλιστ’</span> <span class='ocrx_word' id='word_1_32' title='bbox 479 517 613 585; x_wconf 75' lang='grc' dir='ltr'>ἄξιόν</span> <span class='ocrx_word' id='word_1_33' title='bbox 657 519 756 568; x_wconf 86' lang='grc' dir='ltr'>ἐστ’</span> <span class='ocrx_word' id='word_1_34' title='bbox 797 519 1136 582; x_wconf 84' lang='grc' dir='ltr'>ἀγανακτῆσαι,</span> <span class='ocrx_word' id='word_1_35' title='bbox 1178 515 1413 579; x_wconf 82' lang='grc' dir='ltr'>βούλομαι</span> <span class='ocrx_word' id='word_1_36' title='bbox 1462 515 1580 580; x_wconf 82' lang='grc' dir='ltr'>πρὸς</span> <span class='ocrx_word' id='word_1_37' title='bbox 1630 517 1747 577; x_wconf 77' lang='grc' dir='ltr'>ὑμᾶς</span> 
     </span>
     <span class='ocr_line' id='line_1_7' title="bbox 234 596 1749 668; baseline -0.001 -17"><span class='ocrx_word' id='word_1_38' title='bbox 234 605 390 651; x_wconf 82' lang='grc' dir='ltr'>εἰπεῖν.</span> <span class='ocrx_word' id='word_1_39' title='bbox 448 602 501 650; x_wconf 89' lang='grc' dir='ltr'>δι’</span> <span class='ocrx_word' id='word_1_40' title='bbox 531 600 646 651; x_wconf 75' lang='grc' dir='ltr'>ὅλου</span> <span class='ocrx_word' id='word_1_41' title='bbox 681 599 806 666; x_wconf 68' lang='grc' dir='ltr'>11γοὶρ</span> <span class='ocrx_word' id='word_1_42' title='bbox 839 605 923 650; x_wconf 85' lang='grc' dir='ltr'>τοῦ</span> <span class='ocrx_word' id='word_1_43' title='bbox 964 599 1108 663; x_wconf 87' lang='grc' dir='ltr'>νόμου</span> <span class='ocrx_word' id='word_1_44' title='bbox 1146 603 1212 668; x_wconf 73' lang='grc' dir='ltr'>τῷ</span> <span class='ocrx_word' id='word_1_45' title='bbox 1250 598 1606 662; x_wconf 86' lang='grc' dir='ltr'>καταστήσαντι</span> <span class='ocrx_word' id='word_1_46' title='bbox 1643 596 1749 651; x_wconf 75' lang='grc' dir='ltr'>τοὺς</span> 
     </span>
     <span class='ocr_line' id='line_1_8' title="bbox 234 680 1748 751; baseline -0.002 -17"><span class='ocrx_word' id='word_1_47' title='bbox 234 683 462 749; x_wconf 77' lang='grc' dir='ltr'>ἐγγυητὰς</span> <span class='ocrx_word' id='word_1_48' title='bbox 512 682 724 734; x_wconf 75' lang='grc' dir='ltr'>ἰἅπαντα</span> <span class='ocrx_word' id='word_1_49' title='bbox 777 684 917 749; x_wconf 85' lang='grc' dir='ltr'>λέγει,</span> <span class='ocrx_word' id='word_1_50' title='bbox 966 687 1033 751; x_wconf 74' lang='grc' dir='ltr'>τῷ</span> <span class='ocrx_word' id='word_1_51' title='bbox 1083 682 1131 733; x_wconf 79' lang='grc' dir='ltr'>δὲ</span> <span class='ocrx_word' id='word_1_52' title='bbox 1186 682 1251 747; x_wconf 80' lang='grc' dir='ltr'>μὴ</span> <span class='ocrx_word' id='word_1_53' title='bbox 1303 682 1578 733; x_wconf 79' lang='grc' dir='ltr'>καθιστάντι</span> <span class='ocrx_word' id='word_1_54' title='bbox 1634 680 1748 745; x_wconf 91' lang='grc' dir='ltr'>μήτε</span> 
     </span>
     <span class='ocr_line' id='line_1_9' title="bbox 233 763 1803 833; baseline -0.001 -17"><span class='ocrx_word' id='word_1_55' title='bbox 233 767 450 827; x_wconf 79' lang='grc' dir='ltr'>βελτίους</span> <span class='ocrx_word' id='word_1_56' title='bbox 487 766 603 831; x_wconf 91' lang='grc' dir='ltr'>μήτε</span> <span class='ocrx_word' id='word_1_57' title='bbox 637 768 832 833; x_wconf 82' lang='grc' dir='ltr'>χείρους,</span> <span class='ocrx_word' id='word_1_58' title='bbox 868 765 889 792; x_wconf 78' lang='lat' dir='ltr'><strong>k</strong></span> <span class='ocrx_word' id='word_1_59' title='bbox 899 768 1007 830; x_wconf 82' lang='grc' dir='ltr'>μηδ’</span> <span class='ocrx_word' id='word_1_60' title='bbox 1041 765 1164 820; x_wconf 75' lang='grc' dir='ltr'>ὅλως</span> <span class='ocrx_word' id='word_1_61' title='bbox 1196 767 1480 832; x_wconf 80' lang='grc' dir='ltr'>προσέχοντι</span> <span class='ocrx_word' id='word_1_62' title='bbox 1518 763 1601 815; x_wconf 76' lang='grc' dir='ltr'>τὸν</span> <span class='ocrx_word' id='word_1_63' title='bbox 1640 770 1747 815; x_wconf 81' lang='grc' dir='ltr'>νοῦν</span> <span class='ocrx_word' id='word_1_64' title='bbox 1762 784 1803 805; x_wconf 84' lang='lat'>20</span> 
     </span>
     <span class='ocr_line' id='line_1_10' title="bbox 234 846 1748 915; baseline -0.001 -17"><span class='ocrx_word' id='word_1_65' title='bbox 234 846 372 912; x_wconf 67' lang='grc' dir='ltr'>Ῑὺμΐν,</span> <span class='ocrx_word' id='word_1_66' title='bbox 399 851 615 912; x_wconf 82' lang='grc' dir='ltr'>οὐδεμίαν</span> <span class='ocrx_word' id='word_1_67' title='bbox 642 851 746 900; x_wconf 75' lang='grc' dir='ltr'>οὔτε</span> <span class='ocrx_word' id='word_1_68' title='bbox 777 850 907 913; x_wconf 90' lang='grc' dir='ltr'>δίκην</span> <span class='ocrx_word' id='word_1_69' title='bbox 939 851 1045 900; x_wconf 81' lang='grc' dir='ltr'>οὕτε</span> <span class='ocrx_word' id='word_1_70' title='bbox 1077 850 1302 914; x_wconf 89' lang='grc' dir='ltr'>τιμωρίαν</span> <span class='ocrx_word' id='word_1_71' title='bbox 1327 847 1748 915; x_wconf 61' lang='grc' dir='ltr'>ωπροσγέγραφεν,</span> 
     </span>
     <span class='ocr_line' id='line_1_11' title="bbox 233 930 1751 996; baseline -0.001 -14"><span class='ocrx_word' id='word_1_72' title='bbox 233 933 343 983; x_wconf 82' lang='grc' dir='ltr'>ἀλλ’</span> <span class='ocrx_word' id='word_1_73' title='bbox 384 932 541 983; x_wconf 79' lang='grc' dir='ltr'>ἄδειαν</span> <span class='ocrx_word' id='word_1_74' title='bbox 583 934 806 996; x_wconf 86' lang='grc' dir='ltr'>πεποίηκε</span> <span class='ocrx_word' id='word_1_75' title='bbox 851 932 1090 996; x_wconf 87' lang='grc' dir='ltr'>τοσαύτην</span> <span class='ocrx_word' id='word_1_76' title='bbox 1134 931 1255 996; x_wconf 79' lang='grc' dir='ltr'>ὅσην</span> <span class='ocrx_word' id='word_1_77' title='bbox 1299 930 1395 982; x_wconf 77' lang='grc' dir='ltr'>οἶόν</span> <span class='ocrx_word' id='word_1_78' title='bbox 1437 954 1486 982; x_wconf 91' lang='grc' dir='ltr'>τε</span> <span class='ocrx_word' id='word_1_79' title='bbox 1531 930 1751 996; x_wconf 82' lang='grc' dir='ltr'>γενέσθαι</span> 
     </span>
     <span class='ocr_line' id='line_1_12' title="bbox 233 1008 1752 1082; baseline -0.001 -17"><span class='ocrx_word' id='word_1_80' title='bbox 233 1015 483 1079; x_wconf 85' lang='grc' dir='ltr'>πλείστην.</span> <span class='ocrx_word' id='word_1_81' title='bbox 540 1017 615 1066; x_wconf 80' lang='grc' dir='ltr'>καὶ</span> <span class='ocrx_word' id='word_1_82' title='bbox 652 1015 745 1081; x_wconf 81' lang='grc' dir='ltr'>γὰρ</span> <span class='ocrx_word' id='word_1_83' title='bbox 779 1015 863 1066; x_wconf 76' lang='grc' dir='ltr'>τὸν</span> <span class='ocrx_word' id='word_1_84' title='bbox 898 1014 1068 1082; x_wconf 88' lang='grc' dir='ltr'>χρόνον</span> <span class='ocrx_word' id='word_1_85' title='bbox 1106 1013 1159 1065; x_wconf 67' lang='grc' dir='ltr'>ὃν</span> <span class='ocrx_word' id='word_1_86' title='bbox 1197 1014 1399 1080; x_wconf 82' lang='grc' dir='ltr'>διώρισε,</span> <span class='ocrx_word' id='word_1_87' title='bbox 1435 1013 1521 1078; x_wconf 89' lang='grc' dir='ltr'>τὴν</span> <span class='ocrx_word' id='word_1_88' title='bbox 1556 1008 1752 1076; x_wconf 63' lang='grc' dir='ltr'>Πένάτην</span> 
     </span>
    </p>

    <p class='ocr_par' dir='ltr' id='par_1_5' title="bbox 144 1096 1850 1831">
     <span class='ocr_line' id='line_1_13' title="bbox 144 1096 1749 1167; baseline -0.001 -18"><span class='ocrx_word' id='word_1_89' title='bbox 144 1123 222 1152; x_wconf 87' lang='lat'>102</span> <span class='ocrx_word' id='word_1_90' title='bbox 234 1100 527 1165; x_wconf 89' lang='grc' dir='ltr'>πρυτανείαν,</span> <span class='ocrx_word' id='word_1_91' title='bbox 554 1103 621 1167; x_wconf 75' lang='grc' dir='ltr'>τῷ</span> <span class='ocrx_word' id='word_1_92' title='bbox 651 1097 1007 1162; x_wconf 86' lang='grc' dir='ltr'>καταστήσαντι</span> <span class='ocrx_word' id='word_1_93' title='bbox 1033 1097 1158 1164; x_wconf 84' lang='grc' dir='ltr'>λέγει</span> <span class='ocrx_word' id='word_1_94' title='bbox 1184 1096 1291 1151; x_wconf 79' lang='grc' dir='ltr'>τοὺς</span> <span class='ocrx_word' id='word_1_95' title='bbox 1317 1096 1560 1163; x_wconf 81' lang='grc' dir='ltr'>ἐγγυητάς.</span> <span class='ocrx_word' id='word_1_96' title='bbox 1617 1097 1749 1162; x_wconf 82' lang='grc' dir='ltr'>γνοίη</span> 
     </span>
     <span class='ocr_line' id='line_1_14' title="bbox 234 1179 1802 1250; baseline -0.002 -18"><span class='ocrx_word' id='word_1_97' title='bbox 234 1182 273 1232; x_wconf 87' lang='grc' dir='ltr'>δ’</span> <span class='ocrx_word' id='word_1_98' title='bbox 314 1181 373 1232; x_wconf 77' lang='grc' dir='ltr'>ἄν</span> <span class='ocrx_word' id='word_1_99' title='bbox 409 1205 479 1236; x_wconf 90' lang='grc' dir='ltr'>τις</span> <span class='ocrx_word' id='word_1_100' title='bbox 523 1183 704 1233; x_wconf 83' lang='grc' dir='ltr'>ἐκεῖθεν·</span> <span class='ocrx_word' id='word_1_101' title='bbox 752 1182 1067 1250; x_wconf 78' lang='grc' dir='ltr'>προσέγραψε</span> <span class='ocrx_word' id='word_1_102' title='bbox 1112 1182 1344 1245; x_wconf 90' lang='grc' dir='ltr'>δημοσίαν</span> <span class='ocrx_word' id='word_1_103' title='bbox 1388 1179 1500 1232; x_wconf 79' lang='grc' dir='ltr'>εἶναι</span> <span class='ocrx_word' id='word_1_104' title='bbox 1541 1180 1627 1244; x_wconf 85' lang='grc' dir='ltr'>τὴν</span> <span class='ocrx_word' id='word_1_105' title='bbox 1665 1182 1745 1230; x_wconf 80' lang='grc' dir='ltr'>οὐ·</span> <span class='ocrx_word' id='word_1_106' title='bbox 1764 1198 1802 1229; x_wconf 82' lang='lat'>25</span> 
     </span>
     <span class='ocr_line' id='line_1_15' title="bbox 235 1263 1750 1331; baseline -0.001 -17"><span class='ocrx_word' id='word_1_107' title='bbox 235 1265 347 1314; x_wconf 90' lang='grc' dir='ltr'>σίαν</span> <span class='ocrx_word' id='word_1_108' title='bbox 381 1263 494 1328; x_wconf 86' lang='grc' dir='ltr'>Οτὴν</span> <span class='ocrx_word' id='word_1_109' title='bbox 527 1269 622 1315; x_wconf 90' lang='grc' dir='ltr'>τῶν</span> <span class='ocrx_word' id='word_1_110' title='bbox 655 1266 910 1330; x_wconf 82' lang='grc' dir='ltr'>ἐγγυητῶν,</span> <span class='ocrx_word' id='word_1_111' title='bbox 940 1263 998 1314; x_wconf 77' lang='grc' dir='ltr'>ἂν</span> <span class='ocrx_word' id='word_1_112' title='bbox 1033 1263 1098 1328; x_wconf 88' lang='grc' dir='ltr'>μή</span> <span class='ocrx_word' id='word_1_113' title='bbox 1132 1287 1201 1318; x_wconf 89' lang='grc' dir='ltr'>τις</span> <span class='ocrx_word' id='word_1_114' title='bbox 1235 1266 1414 1331; x_wconf 84' lang='grc' dir='ltr'>ἐκτίσῃ·</span> <span class='ocrx_word' id='word_1_115' title='bbox 1457 1268 1541 1314; x_wconf 86' lang='grc' dir='ltr'>τοῦ</span> <span class='ocrx_word' id='word_1_116' title='bbox 1576 1263 1624 1314; x_wconf 81' lang='grc' dir='ltr'>δὲ</span> <span class='ocrx_word' id='word_1_117' title='bbox 1656 1271 1675 1298; x_wconf 74' lang='lat' dir='ltr'>p</span> <span class='ocrx_word' id='word_1_118' title='bbox 1686 1263 1750 1327; x_wconf 89' lang='grc' dir='ltr'>μὴ</span> 
     </span>
     <span class='ocr_line' id='line_1_16' title="bbox 236 1347 1748 1414; baseline -0.001 -16"><span class='ocrx_word' id='word_1_119' title='bbox 236 1348 629 1411; x_wconf 79' lang='grc' dir='ltr'>καταστήσαντος</span> <span class='ocrx_word' id='word_1_120' title='bbox 674 1349 756 1398; x_wconf 85' lang='grc' dir='ltr'>οὐκ</span> <span class='ocrx_word' id='word_1_121' title='bbox 803 1348 868 1398; x_wconf 70' lang='grc' dir='ltr'>ε”νι</span> <span class='ocrx_word' id='word_1_122' title='bbox 919 1347 1149 1411; x_wconf 86' lang='grc' dir='ltr'>δήπουθεν</span> <span class='ocrx_word' id='word_1_123' title='bbox 1193 1355 1213 1382; x_wconf 72' lang='lat' dir='ltr'><strong>q</strong></span> <span class='ocrx_word' id='word_1_124' title='bbox 1232 1347 1454 1414; x_wconf 82' lang='grc' dir='ltr'>ὑπάρχειν</span> <span class='ocrx_word' id='word_1_125' title='bbox 1503 1347 1748 1412; x_wconf 87' lang='grc' dir='ltr'>ἐγγυητάς.</span> 
     </span>
     <span class='ocr_line' id='line_1_17' title="bbox 236 1429 1757 1497; baseline -0.001 -17"><span class='ocrx_word' id='word_1_126' title='bbox 236 1432 312 1480; x_wconf 83' lang='grc' dir='ltr'>καὶ</span> <span class='ocrx_word' id='word_1_127' title='bbox 355 1435 451 1483; x_wconf 82' lang='grc' dir='ltr'>τοῖς</span> <span class='ocrx_word' id='word_1_128' title='bbox 493 1429 577 1494; x_wconf 77' lang='grc' dir='ltr'>μὲν</span> <span class='ocrx_word' id='word_1_129' title='bbox 620 1430 873 1497; x_wconf 81' lang='grc' dir='ltr'>προέδροις,</span> <span class='ocrx_word' id='word_1_130' title='bbox 918 1429 961 1480; x_wconf 77' lang='grc' dir='ltr'>οἳ</span> <span class='ocrx_word' id='word_1_131' title='bbox 1005 1430 1346 1496; x_wconf 86' lang='grc' dir='ltr'>κεκληρωμένοι</span> <span class='ocrx_word' id='word_1_132' title='bbox 1392 1429 1658 1495; x_wconf 76' lang='grc' dir='ltr'>καθίζουσιν</span> <span class='ocrx_word' id='word_1_133' title='bbox 1700 1429 1757 1497; x_wconf 75' lang='grc' dir='ltr'>ἐξ</span> 
     </span>
     <span class='ocr_line' id='line_1_18' title="bbox 238 1512 1749 1580; baseline -0.001 -17"><span class='ocrx_word' id='word_1_134' title='bbox 238 1515 380 1577; x_wconf 83' lang='grc' dir='ltr'>ὑμῶν,</span> <span class='ocrx_word' id='word_1_135' title='bbox 416 1513 673 1579; x_wconf 81' lang='grc' dir='ltr'>ἐπάναγκες</span> <span class='ocrx_word' id='word_1_136' title='bbox 711 1514 942 1577; x_wconf 84' lang='grc' dir='ltr'>ἐποίησεν,</span> <span class='ocrx_word' id='word_1_137' title='bbox 980 1513 1093 1563; x_wconf 79' lang='grc' dir='ltr'>ὅταν</span> <span class='ocrx_word' id='word_1_138' title='bbox 1128 1516 1355 1580; x_wconf 74' lang='grc' dir='ltr'>ῙΓκαθιστῇ</span> <span class='ocrx_word' id='word_1_139' title='bbox 1393 1536 1475 1574; x_wconf 87' lang='grc' dir='ltr'>τις,</span> <span class='ocrx_word' id='word_1_140' title='bbox 1512 1512 1749 1579; x_wconf 85' lang='grc' dir='ltr'>δέχεσθαι·</span> 
     </span>
     <span class='ocr_line' id='line_1_19' title="bbox 237 1595 1748 1664; baseline -0.001 -17"><span class='ocrx_word' id='word_1_141' title='bbox 237 1602 333 1650; x_wconf 81' lang='grc' dir='ltr'>τοῖς</span> <span class='ocrx_word' id='word_1_142' title='bbox 364 1599 405 1646; x_wconf 86' lang='grc' dir='ltr'>δ’</span> <span class='ocrx_word' id='word_1_143' title='bbox 433 1598 647 1647; x_wconf 85' lang='grc' dir='ltr'>ἀδικοῦσι</span> <span class='ocrx_word' id='word_1_144' title='bbox 680 1596 765 1660; x_wconf 90' lang='grc' dir='ltr'>τὴν</span> <span class='ocrx_word' id='word_1_145' title='bbox 801 1597 943 1648; x_wconf 90' lang='grc' dir='ltr'>πόλιν</span> <span class='ocrx_word' id='word_1_146' title='bbox 979 1597 1195 1659; x_wconf 80' lang='grc' dir='ltr'>οὐδεμίαν</span> <span class='ocrx_word' id='word_1_147' title='bbox 1228 1597 1570 1664; x_wconf 78' lang='grc' dir='ltr'>προσέγραψεν</span> <span class='ocrx_word' id='word_1_148' title='bbox 1601 1595 1748 1660; x_wconf 82' lang='grc' dir='ltr'>ἀνάγ-</span> 
     </span>
     <span class='ocr_line' id='line_1_20' title="bbox 238 1678 1850 1747; baseline 0.001 -17"><span class='ocrx_word' id='word_1_149' title='bbox 238 1703 336 1744; x_wconf 90' lang='grc' dir='ltr'>κην,</span> <span class='ocrx_word' id='word_1_150' title='bbox 377 1681 488 1730; x_wconf 82' lang='grc' dir='ltr'>ἀλλ’</span> <span class='ocrx_word' id='word_1_151' title='bbox 529 1678 691 1746; x_wconf 78' lang='grc' dir='ltr'>ὥσπερ</span> <span class='ocrx_word' id='word_1_152' title='bbox 736 1681 992 1747; x_wconf 78' lang='grc' dir='ltr'>εὐεργέταις</span> <span class='ocrx_word' id='word_1_153' title='bbox 1044 1681 1224 1747; x_wconf 84' lang='grc' dir='ltr'>αἵρεσιν</span> <span class='ocrx_word' id='word_1_154' title='bbox 1268 1682 1422 1734; x_wconf 84' lang='grc' dir='ltr'>αὐτοῖς</span> <span class='ocrx_word' id='word_1_155' title='bbox 1468 1680 1668 1731; x_wconf 77' lang='grc' dir='ltr'>8ἔδωκεν</span> <span class='ocrx_word' id='word_1_156' title='bbox 1718 1685 1850 1740; x_wconf 77' lang='grc' dir='ltr'>εὶ729</span> 
     </span>
     <span class='ocr_line' id='line_1_21' title="bbox 238 1762 863 1831; baseline 0 -17"><span class='ocrx_word' id='word_1_157' title='bbox 238 1763 330 1831; x_wconf 85' lang='grc' dir='ltr'>χρὴ</span> <span class='ocrx_word' id='word_1_158' title='bbox 357 1767 515 1814; x_wconf 85' lang='grc' dir='ltr'>δοῦναι</span> <span class='ocrx_word' id='word_1_159' title='bbox 543 1764 674 1827; x_wconf 87' lang='grc' dir='ltr'>δίκην</span> <span class='ocrx_word' id='word_1_160' title='bbox 699 1762 754 1827; x_wconf 58' lang='lat' dir='ltr'>ti}</span> <span class='ocrx_word' id='word_1_161' title='bbox 781 1762 863 1828; x_wconf 90' lang='grc' dir='ltr'>μή.</span> 
     </span>
    </p>

    <p class='ocr_par' dir='ltr' id='par_1_6' title="bbox 151 1846 1784 2244">
     <span class='ocr_line' id='line_1_22' title="bbox 151 1846 1756 1916; baseline -0.001 -19"><span class='ocrx_word' id='word_1_162' title='bbox 151 1871 224 1912; x_wconf 82' lang='lat'>¹03</span> <span class='ocrx_word' id='word_1_163' title='bbox 317 1848 484 1898; x_wconf 87' lang='grc' dir='ltr'>Καίτοι</span> <span class='ocrx_word' id='word_1_164' title='bbox 526 1852 626 1901; x_wconf 89' lang='grc' dir='ltr'>πῶς</span> <span class='ocrx_word' id='word_1_165' title='bbox 671 1846 728 1898; x_wconf 82' lang='grc' dir='ltr'>ἂν</span> <span class='ocrx_word' id='word_1_166' title='bbox 768 1847 1170 1916; x_wconf 78' lang='grc' dir='ltr'>ἀσυμφορώτερος</span> <span class='ocrx_word' id='word_1_167' title='bbox 1215 1848 1320 1909; x_wconf 84' lang='grc' dir='ltr'>ὑμῖν</span> <span class='ocrx_word' id='word_1_168' title='bbox 1364 1846 1531 1897; x_wconf 88' lang='grc' dir='ltr'>τούτου</span> <span class='ocrx_word' id='word_1_169' title='bbox 1576 1846 1756 1911; x_wconf 84' lang='grc' dir='ltr'>γένοιτο</span> 
     </span>
     <span class='ocr_line' id='line_1_23' title="bbox 240 1928 1758 1998; baseline -0.002 -16"><span class='ocrx_word' id='word_1_170' title='bbox 240 1930 379 1995; x_wconf 87' lang='grc' dir='ltr'>νόμος</span> <span class='ocrx_word' id='word_1_171' title='bbox 412 1928 440 1994; x_wconf 79' lang='grc' dir='ltr'>ἢ</span> <span class='ocrx_word' id='word_1_172' title='bbox 468 1929 628 1981; x_wconf 90' lang='grc' dir='ltr'>κάκιον</span> <span class='ocrx_word' id='word_1_173' title='bbox 663 1930 818 1998; x_wconf 66' lang='grc' dir='ltr'>ἔχωνς</span> <span class='ocrx_word' id='word_1_174' title='bbox 865 1929 916 1983; x_wconf 70' lang='grc' dir='ltr'>ὃς</span> <span class='ocrx_word' id='word_1_175' title='bbox 949 1934 1138 1996; x_wconf 87' lang='grc' dir='ltr'>πρῶτον</span> <span class='ocrx_word' id='word_1_176' title='bbox 1174 1929 1259 1993; x_wconf 78' lang='grc' dir='ltr'>μὲν</span> <span class='ocrx_word' id='word_1_177' title='bbox 1291 1932 1424 1995; x_wconf 72' lang='grc' dir='ltr'>ιιπερὶ</span> <span class='ocrx_word' id='word_1_178' title='bbox 1463 1934 1557 1980; x_wconf 87' lang='grc' dir='ltr'>τῶν</span> <span class='ocrx_word' id='word_1_179' title='bbox 1590 1931 1640 1979; x_wconf 88' lang='grc' dir='ltr'>ἐκ</span> <span class='ocrx_word' id='word_1_180' title='bbox 1674 1935 1758 1980; x_wconf 86' lang='grc' dir='ltr'>τοῦ</span> 
     </span>
     <span class='ocr_line' id='line_1_24' title="bbox 238 2011 1756 2081; baseline -0.001 -17"><span class='ocrx_word' id='word_1_181' title='bbox 238 2011 626 2080; x_wconf 83' lang='grc' dir='ltr'>παρεληλυθότος</span> <span class='ocrx_word' id='word_1_182' title='bbox 666 2013 837 2080; x_wconf 86' lang='grc' dir='ltr'>χρόνου</span> <span class='ocrx_word' id='word_1_183' title='bbox 876 2012 1126 2079; x_wconf 85' lang='grc' dir='ltr'>κριθέντων</span> <span class='ocrx_word' id='word_1_184' title='bbox 1159 2014 1342 2063; x_wconf 85' lang='grc' dir='ltr'>ἐναντία</span> <span class='ocrx_word' id='word_1_185' title='bbox 1380 2018 1475 2067; x_wconf 84' lang='grc' dir='ltr'>τοῖς</span> <span class='ocrx_word' id='word_1_186' title='bbox 1513 2014 1591 2081; x_wconf 85' lang='grc' dir='ltr'>ὑφ’</span> <span class='ocrx_word' id='word_1_187' title='bbox 1628 2014 1756 2077; x_wconf 84' lang='grc' dir='ltr'>ὑμῶν</span> 
     </span>
     <span class='ocr_line' id='line_1_25' title="bbox 239 2094 1784 2162; baseline 0.001 -15"><span class='ocrx_word' id='word_1_188' title='bbox 239 2096 550 2162; x_wconf 86' lang='grc' dir='ltr'>ἐγνωσμένοις</span> <span class='ocrx_word' id='word_1_189' title='bbox 581 2094 881 2162; x_wconf 79' lang='grc' dir='ltr'>προστάττει,</span> <span class='ocrx_word' id='word_1_190' title='bbox 909 2095 1121 2161; x_wconf 87' lang='grc' dir='ltr'>δεύτερον</span> <span class='ocrx_word' id='word_1_191' title='bbox 1147 2095 1194 2146; x_wconf 80' lang='grc' dir='ltr'>δὲ</span> <span class='ocrx_word' id='word_1_192' title='bbox 1220 2097 1325 2161; x_wconf 78' lang='grc' dir='ltr'>περὶ</span> <span class='ocrx_word' id='word_1_193' title='bbox 1355 2100 1449 2146; x_wconf 87' lang='grc' dir='ltr'>τῶν</span> <span class='ocrx_word' id='word_1_194' title='bbox 1479 2095 1784 2160; x_wconf 82' lang='grc' dir='ltr'>μελλόντων5</span> 
     </span>
     <span class='ocr_line' id='line_1_26' title="bbox 241 2177 1757 2244; baseline -0.001 -14"><span class='ocrx_word' id='word_1_195' title='bbox 241 2179 555 2244; x_wconf 87' lang='grc' dir='ltr'>κριθήσεσθαι</span> <span class='ocrx_word' id='word_1_196' title='bbox 585 2184 857 2244; x_wconf 82' lang='grc' dir='ltr'>προστιμᾶν</span> <span class='ocrx_word' id='word_1_197' title='bbox 889 2179 1090 2229; x_wconf 85' lang='grc' dir='ltr'>κελεύων</span> <span class='ocrx_word' id='word_1_198' title='bbox 1116 2177 1222 2232; x_wconf 80' lang='grc' dir='ltr'>τοὺς</span> <span class='ocrx_word' id='word_1_199' title='bbox 1248 2178 1475 2232; x_wconf 80' lang='grc' dir='ltr'>δικαστὰς</span> <span class='ocrx_word' id='word_1_200' title='bbox 1500 2178 1607 2233; x_wconf 77' lang='grc' dir='ltr'>τοὺς</span> <span class='ocrx_word' id='word_1_201' title='bbox 1633 2181 1757 2242; x_wconf 88' lang='grc' dir='ltr'>ὀμω-</span> 
     </span>
    </p>

    <p class='ocr_par' dir='ltr' id='par_1_7' title="bbox 148 2260 1810 2493">
     <span class='ocr_line' id='line_1_27' title="bbox 148 2260 1759 2327; baseline 0.001 -13"><span class='ocrx_word' id='word_1_202' title='bbox 148 2285 228 2325; x_wconf 86' lang='lat'>104</span> <span class='ocrx_word' id='word_1_203' title='bbox 240 2263 443 2327; x_wconf 85' lang='grc' dir='ltr'>μοκότας</span> <span class='ocrx_word' id='word_1_204' title='bbox 481 2262 630 2327; x_wconf 78' lang='grc' dir='ltr'>ἄκυρα</span> <span class='ocrx_word' id='word_1_205' title='bbox 666 2261 727 2311; x_wconf 80' lang='grc' dir='ltr'>τὰ</span> <span class='ocrx_word' id='word_1_206' title='bbox 764 2261 1134 2327; x_wconf 84' lang='grc' dir='ltr'>προστιμήματα</span> <span class='ocrx_word' id='word_1_207' title='bbox 1170 2266 1304 2324; x_wconf 86' lang='grc' dir='ltr'>ποιεῖ,</span> <span class='ocrx_word' id='word_1_208' title='bbox 1338 2260 1454 2327; x_wconf 79' lang='grc' dir='ltr'>πρὸς</span> <span class='ocrx_word' id='word_1_209' title='bbox 1493 2261 1542 2312; x_wconf 81' lang='grc' dir='ltr'>δὲ</span> <span class='ocrx_word' id='word_1_210' title='bbox 1579 2262 1759 2316; x_wconf 79' lang='grc' dir='ltr'>τούτοις</span> 
     </span>
     <span class='ocr_line' id='line_1_28' title="bbox 241 2343 1757 2412; baseline 0.001 -16"><span class='ocrx_word' id='word_1_211' title='bbox 241 2347 474 2408; x_wconf 83' lang='grc' dir='ltr'>ἐπιτίμους</span> <span class='ocrx_word' id='word_1_212' title='bbox 507 2344 613 2398; x_wconf 72' lang='grc' dir='ltr'>τοὺς</span> <span class='ocrx_word' id='word_1_213' title='bbox 645 2346 924 2412; x_wconf 79' lang='grc' dir='ltr'>ὀφείλοντας</span> <span class='ocrx_word' id='word_1_214' title='bbox 950 2346 1033 2395; x_wconf 69' lang='lat' dir='ltr'>X01)</span> <span class='ocrx_word' id='word_1_215' title='bbox 1066 2343 1124 2396; x_wconf 78' lang='grc' dir='ltr'>τὰ</span> <span class='ocrx_word' id='word_1_216' title='bbox 1157 2343 1461 2410; x_wconf 89' lang='grc' dir='ltr'>προσήκοντα</span> <span class='ocrx_word' id='word_1_217' title='bbox 1497 2346 1757 2399; x_wconf 77' lang='grc' dir='ltr'>ἐκτίνοντας</span> 
     </span>
     <span class='ocr_line' id='line_1_29' title="bbox 242 2427 1810 2493; baseline 0 -13"><span class='ocrx_word' id='word_1_218' title='bbox 242 2431 540 2492; x_wconf 88' lang='grc' dir='ltr'>καθίστησιν,</span> <span class='ocrx_word' id='word_1_219' title='bbox 576 2427 699 2481; x_wconf 79' lang='grc' dir='ltr'>ὅλως</span> <span class='ocrx_word' id='word_1_220' title='bbox 736 2429 772 2478; x_wconf 70' lang='grc' dir='ltr'>δ’</span> <span class='ocrx_word' id='word_1_221' title='bbox 801 2429 1082 2479; x_wconf 77' lang='grc' dir='ltr'>ἐπιδείκνυσι</span> <span class='ocrx_word' id='word_1_222' title='bbox 1116 2428 1269 2492; x_wconf 84' lang='grc' dir='ltr'>μάτην</span> <span class='ocrx_word' id='word_1_223' title='bbox 1304 2428 1545 2491; x_wconf 75' lang='grc' dir='ltr'>ὀμνύντας,</span> <span class='ocrx_word' id='word_1_224' title='bbox 1578 2434 1751 2493; x_wconf 88' lang='grc' dir='ltr'>τιμῶν·</span> <span class='ocrx_word' id='word_1_225' title='bbox 1773 2454 1810 2474; x_wconf 86' lang='lat'>10</span> 
     </span>
    </p>

    <p class='ocr_par' dir='ltr' id='par_1_8' title="bbox 243 2560 1757 2821">
     <span class='ocr_line' id='line_1_30' title="bbox 296 2560 1757 2609; baseline 0.001 -12"><span class='ocrx_word' id='word_1_226' title='bbox 296 2570 317 2597; x_wconf 72' lang='lat' dir='ltr'>g</span> <span class='ocrx_word' id='word_1_227' title='bbox 336 2564 418 2598; x_wconf 84' lang='grc' dir='ltr'>κατὰ</span> <span class='ocrx_word' id='word_1_228' title='bbox 438 2576 508 2598; x_wconf 88' lang='lat' dir='ltr'>om.</span> <span class='ocrx_word' id='word_1_229' title='bbox 530 2576 557 2598; x_wconf 88' lang='lat' dir='ltr'>s.</span> <span class='ocrx_word' id='word_1_230' title='bbox 661 2560 679 2586; x_wconf 75' lang='lat' dir='ltr'>h</span> <span class='ocrx_word' id='word_1_231' title='bbox 701 2563 766 2608; x_wconf 82' lang='grc' dir='ltr'>γὰρ</span> <span class='ocrx_word' id='word_1_232' title='bbox 786 2575 855 2597; x_wconf 87' lang='lat' dir='ltr'>om.</span> <span class='ocrx_word' id='word_1_233' title='bbox 877 2576 928 2609; x_wconf 87' lang='lat' dir='ltr'>pr.</span> <span class='ocrx_word' id='word_1_234' title='bbox 950 2576 982 2597; x_wconf 90' lang='lat' dir='ltr'>v.</span> <span class='ocrx_word' id='word_1_235' title='bbox 1093 2560 1100 2587; x_wconf 68' lang='lat' dir='ltr'>i</span> <span class='ocrx_word' id='word_1_236' title='bbox 1121 2562 1267 2608; x_wconf 80' lang='grc' dir='ltr'>ἅπαντα]</span> <span class='ocrx_word' id='word_1_237' title='bbox 1292 2561 1439 2598; x_wconf 80' lang='grc' dir='ltr'>ἅπαντας</span> <span class='ocrx_word' id='word_1_238' title='bbox 1460 2563 1536 2598; x_wconf 88' lang='lat' dir='ltr'><strong>F.v.</strong></span> <span class='ocrx_word' id='word_1_239' title='bbox 1639 2561 1658 2588; x_wconf 75' lang='lat' dir='ltr'><strong>k</strong></span> <span class='ocrx_word' id='word_1_240' title='bbox 1677 2563 1757 2608; x_wconf 82' lang='grc' dir='ltr'>μηδ’</span> 
     </span>
     <span class='ocr_line' id='line_1_31' title="bbox 244 2614 1753 2663; baseline -0.001 -12"><span class='ocrx_word' id='word_1_241' title='bbox 244 2617 416 2651; x_wconf 82' lang='lat' dir='ltr'>Frankius</span> <span class='ocrx_word' id='word_1_242' title='bbox 436 2617 471 2650; x_wconf 91' lang='lat' dir='ltr'>in</span> <span class='ocrx_word' id='word_1_243' title='bbox 492 2616 627 2650; x_wconf 84' lang='lat' dir='ltr'><strong>dissert.</strong></span> <span class='ocrx_word' id='word_1_244' title='bbox 642 2615 684 2649; x_wconf 90' lang='lat' dir='ltr'>de</span> <span class='ocrx_word' id='word_1_245' title='bbox 705 2616 825 2661; x_wconf 84' lang='lat' dir='ltr'>partie.</span> <span class='ocrx_word' id='word_1_246' title='bbox 840 2617 1050 2662; x_wconf 80' lang='lat' dir='ltr'>negantibus</span> <span class='ocrx_word' id='word_1_247' title='bbox 1072 2627 1104 2650; x_wconf 81' lang='lat'>2.</span> <span class='ocrx_word' id='word_1_248' title='bbox 1122 2629 1157 2662; x_wconf 88' lang='lat' dir='ltr'>p.</span> <span class='ocrx_word' id='word_1_249' title='bbox 1175 2615 1237 2650; x_wconf 84' lang='lat'>28.</span> <span class='ocrx_word' id='word_1_250' title='bbox 1263 2616 1462 2661; x_wconf 82' lang='lat' dir='ltr'>Legebatur</span> <span class='ocrx_word' id='word_1_251' title='bbox 1481 2615 1570 2660; x_wconf 78' lang='grc' dir='ltr'>μήθ’.</span> <span class='ocrx_word' id='word_1_252' title='bbox 1628 2614 1638 2642; x_wconf 91' lang='lat' dir='ltr'>l</span> <span class='ocrx_word' id='word_1_253' title='bbox 1659 2617 1753 2663; x_wconf 81' lang='grc' dir='ltr'>ὑμῖν]</span> 
     </span>
     <span class='ocr_line' id='line_1_32' title="bbox 243 2669 1754 2715; baseline 0.001 -11"><span class='ocrx_word' id='word_1_254' title='bbox 243 2670 320 2714; x_wconf 78' lang='grc' dir='ltr'>ἡμῖν</span> <span class='ocrx_word' id='word_1_255' title='bbox 340 2671 375 2704; x_wconf 90' lang='lat' dir='ltr'>k.</span> <span class='ocrx_word' id='word_1_256' title='bbox 449 2675 477 2693; x_wconf 83' lang='lat'>¹¹¹</span> <span class='ocrx_word' id='word_1_257' title='bbox 497 2669 781 2715; x_wconf 81' lang='grc' dir='ltr'>προσγέγραφεν]</span> <span class='ocrx_word' id='word_1_258' title='bbox 804 2672 1048 2715; x_wconf 83' lang='grc' dir='ltr'>προσέγραφεν</span> <span class='ocrx_word' id='word_1_259' title='bbox 1069 2669 1114 2703; x_wconf 91' lang='grc' dir='ltr'>Ο.</span> <span class='ocrx_word' id='word_1_260' title='bbox 1201 2675 1220 2693; x_wconf 83' lang='lat'>¹¹</span> <span class='ocrx_word' id='word_1_261' title='bbox 1241 2669 1358 2712; x_wconf 72' lang='grc' dir='ltr'>ἐνάτην</span> <span class='ocrx_word' id='word_1_262' title='bbox 1375 2670 1447 2702; x_wconf 86' lang='grc' dir='ltr'>Λ.ι·.</span> <span class='ocrx_word' id='word_1_263' title='bbox 1477 2669 1614 2713; x_wconf 83' lang='grc' dir='ltr'>ἐννάτην</span> <span class='ocrx_word' id='word_1_264' title='bbox 1635 2671 1754 2715; x_wconf 80' lang='lat' dir='ltr'><strong>vulgo,</strong></span> 
     </span>
     <span class='ocr_line' id='line_1_33' title="bbox 244 2721 1753 2768; baseline -0.001 -11"><span class='ocrx_word' id='word_1_265' title='bbox 244 2728 262 2747; x_wconf 88' lang='lat'>0</span> <span class='ocrx_word' id='word_1_266' title='bbox 282 2724 342 2767; x_wconf 88' lang='grc' dir='ltr'>τὴν</span> <span class='ocrx_word' id='word_1_267' title='bbox 361 2736 429 2757; x_wconf 85' lang='lat' dir='ltr'>om.</span> <span class='ocrx_word' id='word_1_268' title='bbox 446 2723 590 2757; x_wconf 82' lang='lat' dir='ltr'><strong>A.k.1·.s.</strong></span> <span class='ocrx_word' id='word_1_269' title='bbox 665 2727 684 2754; x_wconf 84' lang='lat' dir='ltr'>P</span> <span class='ocrx_word' id='word_1_270' title='bbox 702 2722 747 2765; x_wconf 86' lang='grc' dir='ltr'>μὴ</span> <span class='ocrx_word' id='word_1_271' title='bbox 768 2734 836 2755; x_wconf 86' lang='lat' dir='ltr'>om.</span> <span class='ocrx_word' id='word_1_272' title='bbox 859 2735 909 2768; x_wconf 84' lang='lat' dir='ltr'>pr.</span> <span class='ocrx_word' id='word_1_273' title='bbox 925 2723 969 2756; x_wconf 92' lang='lat' dir='ltr'>O.</span> <span class='ocrx_word' id='word_1_274' title='bbox 1036 2729 1055 2755; x_wconf 81' lang='grc'>(1</span> <span class='ocrx_word' id='word_1_275' title='bbox 1077 2722 1239 2767; x_wconf 82' lang='grc' dir='ltr'>ὑπάρχειν</span> <span class='ocrx_word' id='word_1_276' title='bbox 1259 2721 1438 2768; x_wconf 83' lang='grc' dir='ltr'>ἐγγυητάς]</span> <span class='ocrx_word' id='word_1_277' title='bbox 1463 2721 1627 2767; x_wconf 78' lang='grc' dir='ltr'>ἐγγυητὰς</span> <span class='ocrx_word' id='word_1_278' title='bbox 1647 2723 1753 2768; x_wconf 80' lang='grc' dir='ltr'>ὑπάρ-</span> 
     </span>
     <span class='ocr_line' id='line_1_34' title="bbox 243 2774 1752 2821; baseline 0.001 -12"><span class='ocrx_word' id='word_1_279' title='bbox 243 2791 317 2821; x_wconf 82' lang='grc' dir='ltr'>χειν</span> <span class='ocrx_word' id='word_1_280' title='bbox 336 2789 367 2810; x_wconf 84' lang='grc' dir='ltr'>ν.</span> <span class='ocrx_word' id='word_1_281' title='bbox 519 2781 535 2800; x_wconf 78' lang='lat'>1&#39;</span> <span class='ocrx_word' id='word_1_282' title='bbox 555 2774 714 2820; x_wconf 82' lang='grc' dir='ltr'>καθιστῇ]</span> <span class='ocrx_word' id='word_1_283' title='bbox 739 2775 881 2819; x_wconf 85' lang='grc' dir='ltr'>καθίστη</span> <span class='ocrx_word' id='word_1_284' title='bbox 904 2777 938 2810; x_wconf 84' lang='lat' dir='ltr'>S.</span> <span class='ocrx_word' id='word_1_285' title='bbox 959 2781 999 2809; x_wconf 88' lang='lat' dir='ltr'>ut</span> <span class='ocrx_word' id='word_1_286' title='bbox 1018 2775 1099 2809; x_wconf 80' lang='lat' dir='ltr'>alibi</span> <span class='ocrx_word' id='word_1_287' title='bbox 1120 2787 1190 2809; x_wconf 90' lang='lat' dir='ltr'>non</span> <span class='ocrx_word' id='word_1_288' title='bbox 1210 2787 1309 2809; x_wconf 83' lang='lat' dir='ltr'>raro:</span> <span class='ocrx_word' id='word_1_289' title='bbox 1342 2775 1401 2808; x_wconf 77' lang='lat' dir='ltr'>scd</span> <span class='ocrx_word' id='word_1_290' title='bbox 1421 2775 1563 2818; x_wconf 82' lang='grc' dir='ltr'>καθιστῇ</span> <span class='ocrx_word' id='word_1_291' title='bbox 1585 2782 1698 2810; x_wconf 83' lang='lat' dir='ltr'>servat</span> <span class='ocrx_word' id='word_1_292' title='bbox 1718 2789 1752 2821; x_wconf 93' lang='lat' dir='ltr'>p.</span> 
     </span>
    </p>
   </div>
   <div class='ocr_carea' id='block_1_4' title="bbox 245 2827 1755 2927">
    <p class='ocr_par' dir='ltr' id='par_1_9' title="bbox 245 2827 1755 2927">
     <span class='ocr_line' id='line_1_35' title="bbox 248 2827 1755 2875; baseline -0.001 -12"><span class='ocrx_word' id='word_1_293' title='bbox 248 2836 335 2875; x_wconf 79' lang='lat'>730,</span> <span class='ocrx_word' id='word_1_294' title='bbox 350 2828 383 2862; x_wconf 92' lang='lat'>6.</span> <span class='ocrx_word' id='word_1_295' title='bbox 478 2833 492 2851; x_wconf 56' lang='grc' dir='ltr'>ς</span> <span class='ocrx_word' id='word_1_296' title='bbox 513 2829 634 2863; x_wconf 79' lang='grc' dir='ltr'>ἔδωκεν</span> <span class='ocrx_word' id='word_1_297' title='bbox 652 2839 722 2862; x_wconf 87' lang='lat' dir='ltr'>om.</span> <span class='ocrx_word' id='word_1_298' title='bbox 745 2840 796 2873; x_wconf 86' lang='lat' dir='ltr'>pr.</span> <span class='ocrx_word' id='word_1_299' title='bbox 817 2841 849 2863; x_wconf 89' lang='lat' dir='ltr'>v.</span> <span class='ocrx_word' id='word_1_300' title='bbox 872 2835 952 2863; x_wconf 81' lang='lat' dir='ltr'>ante</span> <span class='ocrx_word' id='word_1_301' title='bbox 972 2827 1104 2874; x_wconf 84' lang='grc' dir='ltr'>αἵρεσιν</span> <span class='ocrx_word' id='word_1_302' title='bbox 1122 2829 1222 2873; x_wconf 84' lang='lat' dir='ltr'>ponit</span> <span class='ocrx_word' id='word_1_303' title='bbox 1242 2841 1269 2862; x_wconf 87' lang='lat' dir='ltr'>s.</span> <span class='ocrx_word' id='word_1_304' title='bbox 1301 2828 1443 2861; x_wconf 76' lang='grc' dir='ltr'>δέδωκεν</span> <span class='ocrx_word' id='word_1_305' title='bbox 1464 2829 1540 2862; x_wconf 68' lang='lat' dir='ltr'>A.k.</span> <span class='ocrx_word' id='word_1_306' title='bbox 1640 2831 1651 2855; x_wconf 67' lang='grc' dir='ltr'><strong>ἵ</strong></span> <span class='ocrx_word' id='word_1_307' title='bbox 1672 2828 1690 2871; x_wconf 85' lang='grc' dir='ltr'>ἢ</span> <span class='ocrx_word' id='word_1_308' title='bbox 1710 2829 1755 2873; x_wconf 84' lang='grc' dir='ltr'><em>μή</em></span> 
     </span>
     <span class='ocr_line' id='line_1_36' title="bbox 245 2881 1303 2927; baseline -0.002 -12"><span class='ocrx_word' id='word_1_309' title='bbox 245 2894 312 2915; x_wconf 88' lang='lat' dir='ltr'>om.</span> <span class='ocrx_word' id='word_1_310' title='bbox 335 2894 385 2927; x_wconf 81' lang='lat' dir='ltr'>pr.</span> <span class='ocrx_word' id='word_1_311' title='bbox 407 2895 438 2915; x_wconf 85' lang='lat' dir='ltr'>v.</span> <span class='ocrx_word' id='word_1_312' title='bbox 537 2887 555 2905; x_wconf 80' lang='lat'>¹¹</span> <span class='ocrx_word' id='word_1_313' title='bbox 577 2881 654 2926; x_wconf 82' lang='grc' dir='ltr'>περὶ</span> <span class='ocrx_word' id='word_1_314' title='bbox 673 2883 739 2915; x_wconf 88' lang='grc' dir='ltr'>τῶν</span> <span class='ocrx_word' id='word_1_315' title='bbox 759 2893 827 2915; x_wconf 89' lang='lat' dir='ltr'>om.</span> <span class='ocrx_word' id='word_1_316' title='bbox 850 2894 900 2927; x_wconf 83' lang='lat' dir='ltr'>pr.</span> <span class='ocrx_word' id='word_1_317' title='bbox 922 2883 957 2915; x_wconf 79' lang='lat' dir='ltr'>k.</span> <span class='ocrx_word' id='word_1_318' title='bbox 1062 2887 1080 2905; x_wconf 83' lang='grc' dir='ltr'><strong>Χ</strong></span> <span class='ocrx_word' id='word_1_319' title='bbox 1101 2881 1157 2926; x_wconf 75' lang='grc' dir='ltr'>οὐ]</span> <span class='ocrx_word' id='word_1_320' title='bbox 1182 2882 1257 2914; x_wconf 69' lang='grc' dir='ltr'>οὐδὲ</span> <span class='ocrx_word' id='word_1_321' title='bbox 1278 2893 1303 2913; x_wconf 86' lang='lat' dir='ltr'>r.</span> 
     </span>
    </p>
   </div>
  </div>
 </body>
</html>
