1954 3273
46 171 202 224 ——516,
220 189 252 214 9.
727 174 869 212 ΚΑΤΑ
903 173 1154 210 ΜΕΙΔΙΟὙ.
1615 168 1696 208 541

174 283 269 334 ὅσα
307 283 392 346 μὲν
427 286 533 350 παρ’
571 285 683 347 ἐμοῦ
720 286 932 349 προσῆκε
970 285 1290 350 φυλαχθῆναι,
1325 279 1482 332 πάντα
1515 281 1700 333 δικαίως

173 368 327 429 111ὑμῖν
370 366 628 432 τετήρηται,
671 368 746 416 καὶ
798 364 1155 431 κατηγορήσων,
1197 365 1353 428 ἐπειδή
1396 386 1465 417 τις
1507 363 1700 428 εἰσάγει,

174 450 377 514 πάρειμι,
406 453 468 503 ὡς
500 451 650 516 ὁρᾶτε,
682 448 847 500 πολλὰ
880 447 980 512 μὲν,
1007 446 1044 498 ὦ
1077 449 1240 514 ἄνδρες
1267 449 1560 511 “Ἀθηναΐοι,
1587 445 1701 512 χρή-
1719 471 1754 501 15

176 535 300 597 ματ’,
339 533 446 602 ἐξόν
490 556 570 597 μοι
614 537 780 594 λαβεῖν
822 531 947 582 ὥστε
990 531 1056 596 μὴ
1096 537 1386 598 κατηγορεῖν,
1425 532 1478 581 οὐ
1522 530 1703 592 λαβὼν,

177 617 366 670 πολλὰς
412 616 495 667 Οδὲ
543 616 723 680 δεήσεις
774 619 849 666 καὶ
899 615 1095 682 χάριτας
1145 618 1220 666 καὶ
1274 614 1328 679 νὴ
1375 614 1456 664 Δί’
1505 612 1704 666 ἀπειλὰς

140 701 443 763 5ὑπομείνας.
503 699 533 749 ἃ
577 701 614 750 δ’
659 702 707 750 ἐν
755 701 861 762 ὑμῖν
912 698 1030 762 μετὰ
1076 697 1224 749 ταῦτα
1275 700 1405 749 ἐστιν
1452 695 1704 758 ὑπόλοιπα,

179 783 317 853 Ρὸσερ
356 784 577 834 πλείοσιν
617 783 750 836 οὗτος
788 783 1033 849 ἠνώχληκε
1073 785 1148 833 καὶ
1187 781 1560 848 (ἶπεριήγγελκεν
1603 779 1706 843 (ἑώ-

180 890 276 934 ρων
314 866 408 933 γάρ
446 866 587 917 αὐτὸν
632 867 738 933 ἄρτι
781 867 874 932 πρὸ
920 871 1014 917 τῶν
1053 866 1368 931 δικαστηρίων
1407 864 1481 915 οἶα
1526 864 1704 931 ἐποίει),
1720 888 1761 910 20

183 951 421 1020 Γτοσούτῳ
460 955 651 1014 μᾶλλον
685 949 882 1015 Ξέλπίζω
917 948 971 1000 τὸ
1006 949 1183 1000 δίκαιον
1221 949 1353 1018 ἕξειν.
1409 949 1462 999 οὐ
1498 946 1592 1013 γὰρ
1625 945 1708 997 t6*ch

184 1036 469 1101 καταγνοίην
520 1037 649 1099 ὑμῶν
700 1033 883 1088 οὐδενὸς
935 1035 1029 1085 οὔθ’
1078 1037 1140 1087 ὡς
1189 1036 1294 1100 περὶ
1345 1031 1410 1083 ὧν
1460 1030 1579 1097 πρὸς
1630 1030 1708 1094 ἐμὲ

183 1118 516 1170 ἐσπουδάσατε
567 1120 747 1180 Παύτοῖ,
799 1117 978 1169 τούτων
1031 1117 1309 1182 ἀμελήσετε,
1361 1118 1456 1167 οὔθ’
1508 1118 1582 1178 ὡς,
1634 1116 1710 1166 ἵνα

188 1205 387 1256 Μειδίας
424 1205 604 1255 Χάδεῶς
643 1201 697 1253 τὸ
737 1201 905 1253 λοιπὸν
941 1201 1149 1270 Ῡὺβρίζῃ,
1185 1201 1440 1270 ψηφιεῖταί
1472 1223 1540 1253 τις
1581 1201 1709 1263 ὑμῶν
1723 1223 1760 1253 25

149 1285 443 1350 όόμωμοκὼς
470 1286 596 1336 ἄλλο
622 1308 667 1336 τι
697 1285 827 1349 πλὴν
862 1285 886 1336 ὅ
918 1309 962 1336 τι
997 1284 1055 1335 ἂν
1081 1286 1286 1335 Ζδίκαιον
1311 1285 1497 1349 ἡγῆται.
1554 1286 1590 1333 εἰ
1626 1281 1711 1345 μὲν

188 1371 284 1431 οὖν,
311 1367 348 1419 ὦ
379 1369 543 1435 ἄνδρες
578 1370 864 1433 ἢἈθηναῖοι,
891 1367 1178 1434 παρανόμων
1209 1366 1237 1432 ἢ
1269 1367 1656 1433 παραπρεσβείας
1682 1365 1718 1428 ἥ

186 1453 345 1506 ἲ’τινος
390 1453 546 1516 ἄλλης
592 1453 740 1506 αἰτίας
785 1453 1027 1517 0ἤμελλον
1073 1453 1215 1503 αὑτοῦ
1261 1454 1537 1516 κατηγορεῖν
1581 1448 1709 1499 droc-

189 1536 344 1601 αύτης,
385 1535 517 1586 οὐδὲν
560 1535 617 1586 ἂν
664 1537 791 1599 ὑμῶν
832 1536 994 1604 ἠξίουν
1039 1539 1236 1595 δεῖσθαι,
1276 1534 1473 1600 νομίζων
1518 1537 1585 1602 τῷ
1629 1531 1713 1596 μὲν

191 1620 439 1690 κατηγόρῳ
472 1622 576 1686 περὶ
611 1625 705 1670 τῶν
740 1619 962 1671 τοιούτων
994 1619 1250 1686 προσήκειν
1277 1617 1519 1684 Εέλέγχειν
1553 1616 1710 1680 μόνον,
1724 1625 1809 1678 516

190 1710 257 1774 τῷ
289 1704 336 1756 δὲ
369 1703 592 1773 φεύγοντι
628 1706 704 1754 καὶ
739 1708 1085 1769 παραιτεῖσθαι.
1141 1702 1297 1766 ἐπειδὴ
1325 1701 1372 1752 δὲ
1399 1701 1506 1754 τούς
1533 1723 1582 1751 τε
1609 1724 1711 1766 κρι-

192 1790 275 1843 τὰς
317 1788 702 1858 ἵδιαφθείραντος
747 1787 948 1838 ἕτούτου
994 1791 1068 1838 καὶ
1121 1785 1196 1836 διὰ
1241 1792 1380 1836 τοῦτο
1430 1788 1512 1848 τῆς
1559 1786 1716 1852 φυλῆς

159 1875 365 1938 7ἀδίκως
414 1873 745 1940 ἀφαιρεθείσης
797 1871 879 1921 τὸν
932 1872 1145 1936 τρίποδα,
1198 1871 1274 1919 καὶ
1331 1866 1468 1920 αὐτὸς
1525 1866 1746 1932 πληγὰςε

196 1955 403 2025 εἰληφὼς
440 1957 515 2006 καὶ
554 1955 838 2021 ὑβρισμένος
874 1954 948 2005 οἷα
984 1955 1067 2005 οὐκ
1103 1952 1184 2003 οἶδ’
1215 1952 1256 2003 εἴ
1286 1975 1356 2005 τις
1390 1951 1578 2004 ᾒὸίλλος
1612 1950 1714 2001 πώ-

196 2063 309 2090 ποτε
354 2037 558 2106 χορηγὸς
605 2039 825 2104 ὑβρίσθη,
872 2037 929 2101 ἣν
976 2037 1090 2102 ὑπὲρ
1136 2035 1314 2086 τούτων
1358 2033 1722 2099 ἰἀγανακτήσας

198 2125 275 2174 καὶ
330 2124 662 2188 συνοργισθεὶς
721 2121 1129 2188 καταχειροτονίαν
1182 2121 1206 2169 ὁ
1258 2122 1401 2182 δῆμος
1452 2116 1722 2181 ἐποιήσατο,

199 2207 373 2271 ταύτην
400 2205 685 2273 εἰσέρχομαι,
713 2207 795 2255 οὐκ
821 2203 1043 2268 1ίόκνήσω
1076 2206 1150 2254 καὶ
1185 2206 1384 2253 δεῖσθαι.
1440 2205 1477 2252 εἰ
1508 2200 1601 2267 γὰρ
1628 2199 1724 2250 οἶόν

1414 2334 1431 2362 δ

257 2378 288 2396 m
309 2370 402 2416 ὑμῖν]
429 2370 502 2414 ἐμοὶ
521 2383 548 2404 1¹.
662 2374 677 2390 ¹¹
698 2368 868 2412 Ἀθηναῖοι
889 2380 958 2401 om.
981 2380 1007 2401 r.
1046 2367 1089 2401 In
1109 2369 1150 2400 A.
1171 2366 1228 2399 hic
1249 2376 1389 2410 quoque
1409 2380 1446 2398 ω.
1560 2369 1577 2388 0
1599 2364 1633 2396 δὲ
1655 2375 1725 2396 om.

206 2426 240 2460 S.
259 2430 293 2459 et
311 2437 364 2470 pr.
383 2424 426 2458 Ο.
502 2429 521 2457 P
542 2423 632 2469 ὅσῳ]
658 2422 730 2456 ὅσω
749 2423 815 2467 γὰρ
835 2421 1021 2456 Y.O.s.t.v.
1093 2426 1112 2452 q
1132 2418 1375 2464 περιήγγελκεν
1397 2417 1602 2452 S.Y.O.k.1·.
1631 2430 1726 2461 περι-

205 2478 362 2524 ήγγειλεν
382 2483 473 2511 s.t.v.
504 2476 739 2522 παρήγγελκεν
759 2475 843 2509 F.P.
948 2479 964 2498 1'
983 2472 1156 2519 τοσούτῳ]
1181 2474 1332 2505 τοσοῦτο
1354 2471 1396 2505 O.
1506 2474 1520 2494 S
1541 2469 1668 2510 ἐλπίζω
1687 2470 1727 2502 τὸ

205 2530 350 2576 δίκαιον]
374 2531 414 2563 τὸ
434 2530 561 2564 δίκαιον
581 2527 706 2571 ἐλπίζω
726 2541 753 2562 1’.
857 2526 871 2552 ἵ
890 2525 930 2560 ἂν
950 2539 1019 2561 om.
1040 2527 1076 2560 k.
1187 2530 1208 2549 ¹¹
1227 2525 1324 2558 αὐτοὶ
1342 2524 1493 2558 A.S.k.r.
1528 2522 1729 2568 Legebatur

205 2584 302 2618 αὐτοὶ
321 2584 500 2628 πρότερον.
615 2588 635 2606 Χ
655 2581 760 2616 ἀδεῶς
779 2581 818 2614 τὸ
838 2579 977 2624 λοιπὸν]
1001 2580 1040 2613 τὸ
1059 2579 1182 2612 λοιπὸν
1202 2577 1307 2612 ἀδεῶς
1326 2578 1441 2612 A.k.r.
1552 2581 1568 2604 Υ
1589 2574 1727 2620 ὑβρίζῃ]

207 2637 336 2682 ὑβρίζει
356 2638 396 2670 A.
479 2641 498 2660 Ζ
518 2633 645 2669 δίκαιον
665 2634 803 2680 ἡγῆται]
828 2633 947 2679 ἡγῆται
967 2633 1094 2666 δίκαιον
1114 2632 1217 2666 F.t.v.
1303 2636 1322 2656 a
1339 2629 1510 2673 Ἀθηναῖοι
1530 2640 1598 2662 om.
1619 2640 1647 2661 r.
1687 2627 1730 2660 In

209 2708 250 2740 A.
268 2689 304 2739 g.
374 2701 395 2729 b
415 2704 505 2738 τινὸς
523 2703 649 2749 ἄλλης]
671 2703 782 2746 ἄλλης
801 2703 892 2736 τινὸς
910 2702 1023 2735 A.k.r.
1091 2705 1108 2725 0
1128 2699 1296 2744 ἤμελλον]
1320 2700 1467 2742 ἔμελλον
1488 2698 1563 2732 P.v.
1620 2692 1639 2719 d
1659 2710 1730 2728 τοι-

209 2758 322 2802 αύτης,
345 2758 440 2803 quod
459 2762 540 2791 ante
560 2757 667 2791 αἰτίας
685 2757 880 2801 legebatur,
901 2755 970 2788 huc
989 2753 1191 2798 transposui
1211 2764 1291 2786 eum
1311 2750 1526 2786 P.S.Y.O.s.
1573 2749 1732 2793 Utroque

210 2814 289 2846 loco
308 2811 438 2856 legitur
457 2810 492 2843 in
512 2815 538 2843 t.
623 2815 639 2833 e
659 2809 818 2854 ἐλέγχειν
838 2808 994 2842 A.S.k.1·.
1034 2806 1234 2852 Legebatur
1254 2804 1460 2849 ἐξελέγχειν.
1544 2799 1558 2826 f
1576 2800 1731 2844 διαφθεί-

212 2864 351 2911 ραντος]
375 2860 634 2907 διαφθείροντος
653 2874 684 2896 v.
806 2867 827 2894 g
844 2859 986 2905 τούτου]
1010 2858 1132 2892 τούτου
1153 2860 1231 2891 τότε
1251 2858 1475 2892 A.F.k.1·.t.v.
1586 2851 1607 2878 h
1627 2853 1735 2888 ἄλλος

215 2930 286 2952 om.
306 2918 341 2951 k.
445 2913 454 2941 i
474 2912 889 2960 ἀγανακτήσας-ταύτην
909 2925 977 2948 om.
999 2914 1040 2947 A.
1062 2917 1097 2946 et
1116 2923 1170 2957 pr.
1192 2912 1261 2945 k.r.
1365 2907 1381 2931 k
1404 2906 1556 2954 ὀκνήσω]
1582 2905 1736 2949 ὀκνήσων

216 2971 258 3004 Y.
281 2975 315 3004 et
335 2974 511 3004 correctus
531 2980 563 3002 v,
