1954 3273
7 180 164 224 -457‚
180 189 230 215 ‘’9-
647 181 791 219 ΠΡΟΣ
821 181 1129 219 ΛΕΠΤΙΝΗΝ.
1561 180 1640 223 491

132 285 214 336 τὸν
272 286 430 350 νόμον.
497 290 546 339 τί
599 290 680 340 οὖν
741 290 910 340 κωλύει
971 288 1127 341 πάντα
1189 291 1506 356 Ικῖιφῃρῆσθαι
1570 294 1644 340 καὶ

133 369 256 424 ὅλως
297 370 381 434 τὴν
422 373 665 422 πολιτείαν
708 374 825 436 ὑμᾶς
869 372 990 423 κατὰ
1031 378 1196 423 τοῦτον
1237 371 1320 423 τὸν
1361 371 1540 436 λόγον;
1591 373 1645 422 οὐ

132 452 227 518 γὰρ
268 453 398 504 ε”στιν
441 455 573 522 ἐφ’0
583 478 692 505 οτου
729 461 868 505 τοῦτο
910 456 963 505 οὐ
1002 455 1266 505 πεπόνθατε
1306 459 1400 504 τῶν
1441 454 1673 516 πάντων,5

132 535 265 585 ἀλλὰ
308 538 384 585 καὶ
433 537 731 604 ψηφίσματα
780 536 944 587 πολλα
993 536 1230 590 πολλάκις
1279 536 1646 604 ἐξαπατηθέντες

133 619 550 685 κεχειροτονήκατε,
593 642 669 670 και
710 620 991 687 συμμάχους
1031 620 1120 684 ἤδη
1163 643 1291 673 τινας
1336 620 1502 683 ἥττους
1544 622 1647 670 ἀντὶ

133 702 407 767 κρειττόνων
444 703 690 766 ἐπείσθητε
728 700 935 764 ἑλέσθαι,
969 725 1044 752 και
1084 702 1208 756 ολως
1243 705 1320 753 Ρέν
1352 701 1477 765 οἶμαι
1517 709 1642 753 πολ-

132 789 234 838 λοῖς
276 785 343 838 οἷς
383 784 610 850 πράττετε
661 787 737 836 καὶ
785 785 967 836 τοιοῦτό
1019 808 1063 836 τι
1114 786 1394 850 συμβαίνειν
1445 785 1643 851 ἀνάγκη.

94 864 205 932 4ἆρ’
234 868 315 917 οὖν
341 866 587 931 θησόμεθα
622 869 764 930 νόμον
790 868 863 919 διὰ
889 875 1036 920 ταῦτα
1062 867 1178 931 μηδὲ
1203 868 1257 918 τὸ
1284 867 1454 918 λοιπὸν
1479 869 1647 936 ἐξεῖναι
1663 891 1700 912 10

132 954 192 1017 τῇ
217 954 373 1017 βουλῇ
399 951 513 1014 μηδὲ
540 955 606 1019 τῷ
631 951 762 1020 δήμῳ
789 951 905 1015 μήτε
939 951 1280 1018 προβουλεύειν
1300 951 1416 1015 μήτε
1441 974 1647 1018 χειροτο-

134 1037 227 1083 νεῖν
252 1033 396 1095 μηδέν
419 1055 430 1094 ;
475 1034 566 1098 ἐγὼ
591 1034 675 1095 μὲν
700 1035 783 1085 οὐκ
809 1033 948 1097 οἶμαι·
990 1036 1043 1084 οὐ
1074 1035 1167 1100 γάρ
1205 1036 1349 1096 ε’σμεν
1384 1036 1641 1102 ἀφαιρεθῆ-

134 1139 208 1167 ναι
247 1117 412 1167 δίκαιοι
449 1119 555 1183 περὶ
589 1115 654 1167 ὧν
694 1116 750 1167 ἂν
780 1119 1161 1186 ἐξαπατηθῶμεν,
1201 1118 1332 1169 ἀλλὰ
1375 1122 1646 1185 διδαχθῆναι

133 1204 268 1253 Ἷπῶς
310 1205 449 1250 τοῦτο
492 1199 558 1263 μὴ
601 1199 878 1262 πεισόμεθα,
925 1203 1000 1251 καὶ
1050 1202 1218 1251 θέσθαι
1268 1200 1411 1263 νόμον
1460 1203 1547 1268 οὐχ
1598 1200 1698 1257 3515

132 1282 473 1351 Γἀφαιρήσεται
514 1282 598 1333 5τὸ
637 1283 822 1348 κυρίους
859 1284 979 1346 ἡμᾶς
1017 1282 1173 1345 ῑεῖναι,
1212 1283 1343 1334 ἀλλὰ
1382 1285 1436 1333 δι’
1479 1285 1532 1334 οὗ
1566 1283 1649 1334 τὸν

132 1366 440 1434 ἐξαπατῶντα
465 1364 846 1430 τιμωρησόμεθα.

92 1461 118 1502 5
207 1453 266 1499 Εἰ
303 1449 459 1499 τοίνυν
497 1471 565 1501 τις
600 1447 744 1502 ε’άσας
782 1454 930 1499 ταῦτα
968 1448 1080 1499 αὐτὸ
1113 1450 1213 1499 καθ’
1249 1449 1362 1499 αὐτὸ
1399 1448 1648 1517 ἐξετάσειε,

130 1530 330 1598 πότερόν
355 1554 470 1582 ποτε
495 1531 893 1598 λυσιτελέστερόν
917 1534 1021 1582 ἐστι
1048 1533 1230 1598 κυρίους
1266 1532 1352 1596 μὲν
1379 1534 1495 1595 ὑμᾶς
1534 1532 1648 1583 εἶναι

130 1617 214 1677 τῆς
252 1617 440 1679 δωρεᾶς,
478 1614 856 1681 ἐξαπατηθέντας
889 1621 911 1640 ¹²
931 1614 984 1664 δέ
1014 1637 1059 1665 τι
1094 1617 1170 1665 καὶ
1206 1614 1379 1683 φαύλῳ
1410 1618 1500 1666 τινὶ
1534 1619 1641 1666 δοῦ·
1660 1639 1700 1660 20

131 1720 218 1758 ναι,
245 1695 274 1761 ἢ
311 1695 431 1746 διαΧ
438 1719 492 1747 το
531 1701 777 1750 παντελῶς
803 1696 1000 1763 ἀκύρους
1035 1697 1257 1762 γενέσθαι
1287 1699 1394 1761 μηδ’
1421 1697 1478 1747 ἂν
1515 1698 1649 1766 ἄξιόν

130 1803 234 1831 τινα
268 1782 415 1844 εἰδῆτε
450 1780 618 1848 εξεῖναι
655 1784 865 1844 τιμῆσαι,
893 1783 1056 1847 εὕροιτ’
1086 1781 1144 1832 ἂν
1168 1787 1359 1845 μᾶλλον
1385 1784 1528 1833 ε’κεῖνο
1556 1789 1645 1832 λυ-

550 1865 561 1882 Ι

130 1869 368 1914 σιτελοῦν.
412 1862 487 1913 διὰ
513 1887 556 1914 τι
578 1886 591 1925 ;
633 1864 730 1914 Υὸτι
764 1866 814 1914 ἐκ
845 1863 929 1926 μὲν
956 1870 1039 1914 τοῦ
1067 1865 1313 1917 Ζπλείονας
1338 1863 1366 1928 ὴ
1394 1864 1648 1930 ἒιπροσήκει

836 1951 855 1979 b

129 1956 270 2015 τιμᾶν
306 1949 520 2005 πολλοὺς
558 1952 607 2001 εὖ
646 1957 795 2002 ποιεῖν
871 1953 1179 2018 προκαλεῖσθ’
1218 1953 1349 2014 ὑμᾶς,
1388 1953 1437 2002 ἐκ
1478 1952 1527 2003 δὲ
1564 1959 1646 2004 τοῦ
1660 1975 1696 2005 25

130 2036 293 2098 μηδενὶ
318 2041 334 2061 ⁰
349 2033 508 2098 μηδὲν,
531 2035 637 2098 μηδ’
667 2033 724 2085 ἂν
750 2034 767 2061 ‘¹
785 2035 916 2103 ἄξιος
943 2033 1018 2102 θῇ,
1046 2034 1221 2086 διδόναι
1254 2034 1435 2088 πάντας
1461 2034 1642 2101 ἷάπείρ-

92 2117 236 2185 ὀξετε
261 2122 344 2167 τοῦ
371 2121 740 2184 φιλοτιμεῖσθαι.
781 2116 900 2183 πρὸς
926 2117 976 2168 δὲ
1000 2117 1152 2186 τούτῳ
1178 2125 1197 2153 g
1205 2119 1281 2167 καὶ
1308 2119 1362 2166 δι’
1392 2119 1547 2180 ἐκεῖνο,
1576 2117 1646 2168 ὅτι

129 2204 173 2250 οἱ
187 2199 272 2263 μὲν
292 2198 485 2267 ἀνάξιόν
502 2223 606 2250 τινα
627 2199 908 2264 τιμήσαντες
929 2200 1163 2264 ὴεύηθείας
1183 2199 1288 2250 τινὰ
1314 2199 1459 2268 δόξαν
1480 2200 1647 2268 ἰε”χοιεν

128 2288 197 2351 ἂν,
223 2287 295 2339 koZ
322 2289 369 2339 δὲ
395 2288 503 2342 τοὺς
528 2288 707 2354 ἀγαθόν
733 2312 778 2340 τι
801 2295 1051 2343 ποιοῦντας
1076 2287 1282 2342 1ἑαυτοὺς
1307 2288 1372 2353 μὴ
1395 2294 1491 2342 τοῖς
1518 2290 1646 2353 ὁμοί-

183 2446 203 2464 n
223 2439 424 2485 ἀφῃρῆσθαι
444 2451 513 2473 om.
534 2451 562 2473 S.
687 2444 704 2463 0
725 2438 805 2473 ὅτου
827 2439 862 2473 S.
893 2438 959 2486 ὅτῳ
978 2440 1097 2485 vulgo.
1224 2445 1243 2472 P
1263 2439 1299 2473 ἐν
1318 2435 1410 2482 οἶμαι
1429 2441 1576 2475 πολλοῖς·
1596 2438 1646 2475 οἷς

127 2492 309 2539 πράττετε]
333 2493 479 2527 πολλοῖς
499 2491 627 2534 ἐνοῖμαι
646 2489 696 2526 οἷς
715 2493 885 2536 πράττητε
903 2504 931 2525 r.
1074 2498 1092 2525 q
1112 2494 1184 2526 πῶς
1203 2492 1396 2526 S.Y.O.r.s.
1444 2492 1645 2537 Legebatur

128 2546 229 2581 ὅπως.
340 2550 355 2568 ¹*
375 2543 620 2589 ἀφαιρήσεται]
645 2544 913 2589 ἀφαιρεθήσεται
934 2544 978 2578 Ο.
1081 2550 1095 2569 S
1115 2546 1154 2578 τὸ
1174 2557 1244 2578 om.
1265 2545 1304 2578 F.
1401 2542 1416 2568 t
1435 2541 1535 2589 εἶναι]
1560 2542 1644 2579 εἶναι

127 2600 187 2642 τῆς
205 2599 330 2642 δωρεᾶς
349 2596 610 2632 F.Y.O.r.s.t.v.
723 2604 741 2622 U
763 2596 802 2630 δέ
819 2611 852 2630 τι
873 2597 908 2631 S.
939 2597 1139 2642 Legebatur
1159 2597 1197 2630 δέ
1213 2611 1309 2631 ποτε.
1347 2597 1591 2640 ἐξαπατώντων
1611 2612 1643 2630 τι

127 2652 215 2685 dixit
234 2651 494 2684 Demosthenes
512 2662 547 2695 p.
565 2649 654 2697 659,
668 2660 706 2696 9.
729 2650 790 2683 ubi
808 2663 841 2683 τι
861 2661 931 2683 om.
955 2649 1000 2684 O.
1090 2656 1108 2672 x
1128 2650 1185 2695 τὸ]
1210 2653 1271 2683 τοῦ
1294 2648 1458 2683 S.Y.O.s.
1552 2656 1571 2682 Y
1591 2649 1642 2683 ὅτι

1470 2711 1485 2728 Ε

127 2748 197 2770 om.
217 2748 271 2781 pr.
292 2736 328 2769 k.
414 2741 432 2760 Ζ
452 2735 628 2780 πλείονας]
650 2733 808 2770 πλείονος
826 2736 939 2770 A.k.r.
1033 2741 1053 2761 a
1070 2735 1236 2781 προσήκει
1256 2735 1297 2770 F.
1328 2734 1493 2779 προσῆκει
1511 2733 1640 2767 A.S.Y.

128 2789 278 2824 O.k.r.s.
308 2788 506 2833 Legebatur
525 2789 689 2834 προσῆκε.
792 2785 812 2812 b
833 2787 1075 2834 προκαλεῖσθ’]
1098 2788 1345 2834 προκαλεῖσθαι
1365 2788 1408 2820 A.
1503 2791 1520 2810 0
1538 2786 1642 2828 μηδὲν

126 2853 197 2876 om.
216 2840 518 2875 F.S.Y.O.r,s.t.v.
629 2837 647 2864 d
666 2840 778 2886 ἄξιος]
802 2840 897 2884 ἄξιον
915 2846 978 2874 t.v.
1100 2846 1116 2865 θ
1134 2838 1173 2886 ᾗ]
1198 2837 1232 2874 εἶ
1246 2841 1289 2874 Α.
1411 2835 1426 2862 f
1442 2837 1636 2883 ἀπείρξετε]

125 2894 301 2939 ὑπείρξετε
321 2905 349 2927 s.
434 2898 455 2926 g
475 2894 527 2927 καὶ
547 2905 619 2929 om.
640 2905 694 2938 pr.
718 2893 753 2927 S.
836 2890 857 2917 h
877 2892 1044 2938 εὐηθείας]
1068 2893 1202 2936 εὐηθίας
1219 2905 1273 2938 pr.
1298 2892 1332 2925 S.
1406 2887 1418 2915 ἰ
1447 2890 1559 2934 ἔχοιεν
1577 2888 1635 2935 ἂν]

125 2944 164 2980 ἂν
183 2948 294 2991 ἔχοιεν
312 2958 339 2979 r.
409 2943 425 2967 ¹<
447 2945 495 2991 οἱ]
512 2946 551 2979 οὐ
564 2958 619 2991 pr.
638 2946 673 2979 S.
742 2944 748 2966 ¹
769 2945 924 2991 ἑαυτοὺς]
944 2946 1066 2980 αὐτοὺς
1080 2945 1249 2980 F.Y.O.s.
1267 2950 1302 2978 et
1321 2955 1391 2978 rec.
1413 2947 1588 2977 correctus
1603 2942 1640 2977 S.
