1954 3273
75 210 230 254 —777‚
251 220 281 244 1.
597 207 739 244 ΚΑΤΑ
773 205 1245 243 ΑΡΙΣΤΟΓΕΙΤΟΝΟΣ
1277 206 1323 242 Α.
1635 202 1715 242 811

202 317 295 382 γὰρ
323 316 379 367 ἂν
405 321 570 367 τοῦτον
597 316 738 367 αὑτὸν
764 316 917 367 οἴεσθε
950 319 1125 366 “ποιεῖν
1156 314 1394 366 λυθέντων
1429 318 1522 364 τῶν
1550 314 1719 377 νόμων,

139 399 288 454 Ζὸοῧς
325 400 473 452 ὄντων
497 401 667 467 κυρίων
692 400 899 452 τοιοῦτός
936 401 1097 461 ε’στιν;
1141 398 1295 462 ἐπειδὴ
1322 399 1477 448 τοίνυν
1511 401 1553 447 οἰ
1591 396 1753 459 νόμοι5

204 483 322 547 μετὰ
348 483 454 537 τοὺς
489 483 621 536 θεοὺς
656 484 1000 547 ὁμολογοῦνται
1026 482 1193 548 σώζειν
1219 480 1304 544 τὴν
1329 479 1486 542 πόλιν,
1514 483 1584 531 δεῖ
1605 478 1724 531 πάν-

204 589 288 619 τας
328 568 445 628 ὑμᾶς
483 566 565 617 τὸν
591 565 733 617 αὐτὸν
758 565 948 631 τρόπον,
976 564 1140 631 ὥσπερ
1166 563 1251 615 Ρᾶν
1277 569 1314 614 εἰ
1341 567 1583 627 Ἷκαθῆσθε
1621 562 1726 628 ἐρά-

206 672 287 700 νου
311 651 572 715 πληρωταῖ,
599 648 681 699 τὸν
706 648 791 712 μὲν
815 647 1090 711 πειθόμενον
1116 647 1296 701 τούτοις
1323 650 1383 700 ὡς
1411 646 1617 714 φέροντα
1642 645 1727 708 τὴν

207 734 289 795 τῆς
314 733 552 797 σωτηρίας
578 730 732 799 φορὰν
757 731 919 796 πλήρη
945 735 1002 798 τῇ
1029 732 1218 796 πατρίδι
1245 735 1384 793 τιμᾶν
1411 732 1485 781 καὶ
1513 731 1727 790 ἐπαινεῖν,
1747 753 1783 773 ιο

143 814 291 866 πότον
328 817 368 864 δ’
397 817 676 866 ἀπειθοῦντα
715 813 942 880 κολάζειν.
987 814 1147 879 ἔρανος
1186 814 1280 879 γάρ
1315 815 1442 864 ι’ἐστι
1480 811 1726 865 πολιτικὸς

209 898 284 947 καὶ
322 894 473 949 κοινὸς
509 894 650 946 πάνθ’
688 895 795 958 ὅσα,
833 895 1110 964 5ταξάντων
1155 896 1278 946 ἵτῶν
1318 895 1486 958 νόμων,
1527 895 1726 946 ἕκαστος

209 980 377 1043 “ἡμῶν
408 984 544 1030 ποιεῖ.
589 978 641 1030 ὃν
677 981 702 1030 ὁ
738 980 966 1041 Χλείπων,
1003 977 1039 1029 ὦ
1076 979 1239 1045 ἄνδρες
1274 980 1530 1042 Ἀθηναῖοι,
1567 975 1732 1027 πολλὰ

211 1065 286 1114 καὶ
331 1062 457 1114 καλὰ
503 1065 578 1113 καὶ
623 1062 778 1126 σεμνὰ
819 1065 894 1113 καὶ
939 1062 1129 1127 μεγάλα
1174 1064 1302 1125 ὑμῶν
1343 1064 1608 1129 ἀφαιρεῖται
1655 1061 1731 1109 καὶ

214 1147 470 1215 διαφθείρει
508 1145 562 1197 τὸ
601 1148 701 1198 καθ’
732 1144 887 1198 αὑτόν.
927 1145 991 1196 ὧν
1018 1145 1067 1196 ἓν
1102 1145 1130 1209 ἢ
1163 1145 1245 1196 δύο
1281 1147 1370 1210 ε’ρῶ
1405 1144 1728 1210 παραδείγμα-
1753 1166 1787 1196 15

150 1250 199 1291 27
216 1253 294 1283 τος
333 1231 478 1292 ἕνεκα,
505 1229 564 1280 τὰ
590 1230 945 1296 γνωριμώτατα.
985 1229 1039 1280 τὸ
1074 1229 1159 1293 τὴν
1195 1229 1378 1292 βουλὴν
1416 1227 1522 1281 τοὺς
1560 1249 1733 1278 πεντα-

219 1313 408 1365 κοσιόυς
434 1310 527 1362 ἀπὸ
553 1314 636 1374 τῆς
662 1313 890 1364 ἀσθενοῦς
916 1313 1186 1374 Υτοιαυτησῖ
1207 1310 1444 1375 κιγκλίδος
1471 1313 1565 1359 τῶν
1585 1311 1733 1373 ἀπορ-

217 1395 373 1462 ρήτων
417 1396 579 1461 κυρίαν
620 1393 746 1456 εἶναι,
786 1398 861 1445 καὶ
903 1394 969 1458 μὴ
1009 1393 1116 1447 τοὺς
1160 1394 1344 1445 ἰδιώτας
1385 1391 1645 1443 ἐπεισιέναι·
1686 1389 1740 1440 τὸ

219 1478 305 1543 τὴν
330 1478 387 1547 ἐξ
412 1471 597 1544 ιἈρείου
629 1476 787 1543 πάγου
813 1476 1011 1541 βουλὴν,
1038 1476 1151 1527 ὅταν
1186 1478 1233 1526 ἐν
1267 1481 1325 1543 τῇ
1361 1475 1591 1543 βασιλείῳ
1618 1477 1795 1542 στοᾷπο

221 1561 500 1627 καθεζομένη
539 1562 995 1627 Ζπερισχοινίσηται,
1035 1560 1154 1611 κατὰ
1192 1559 1384 1622 πολλὴν
1427 1560 1629 1626 ἡσυχίαν
1667 1560 1739 1626 ἐφ’

222 1647 386 1709 ἑαυτῆς
425 1643 554 1706 εἶναι,
595 1646 671 1694 καὶ
708 1644 920 1697 ἅπαντας
961 1643 1169 1694 ἐκποδὼν
1217 1645 1521 1710 Βάποχωρεῖν·
1564 1642 1617 1692 τὸ
1661 1641 1745 1695 τὰς

224 1727 372 1795 ἀρχὰς
411 1726 617 1788 ἁπάσας,
657 1726 776 1780 ὅσας
821 1731 863 1777 οἱ
898 1725 1125 1793 λαχόντες
1163 1726 1394 1792 ἄρχουσιν
1437 1728 1579 1788 ὑμῶν,
1623 1723 1747 1787 1)ἆὶμα

226 1817 324 1879 οτῷ
361 1811 443 1861 τὸν
483 1811 717 1875 ὑπηρέτην
759 1815 899 1861 εἰπεῖν
931 1809 1237 1874 ί(μετοῖστητε
1276 1810 1397 1878 ἕξω”
1427 1810 1443 1836 ‘¹
1461 1814 1555 1859 τῶν
1592 1807 1747 1870 νόμων

229 1899 427 1960 κρατεῖν,
453 1895 524 1962 ἐφ’
555 1893 623 1947 οῖς
663 1894 1068 1962 εἰσεπέμφθησαν,
1097 1895 1171 1944 καὶ
1207 1892 1271 1956 μὴ
1298 1892 1404 1946 τοὺς
1440 1890 1742 1957 ἀσελγεστά-
1762 1918 1799 1948 25

163 1995 214 2036 28
229 2002 336 2031 τους
363 1977 622 2043 βιάζεσθαι·
665 1977 797 2028 ἄλλα
822 1978 977 2042 μυρία.
1019 1976 1175 2028 πάντα
1200 1976 1293 2042 γὰρ
1329 1983 1345 2002 ‘³
1363 1975 1423 2025 τὰ
1452 1974 1635 2038 Ῑσεμνά
1675 1977 1750 2025 καὶ

229 2061 370 2123 καλὰ,
397 2063 503 2111 ἕκαὶ
530 2062 583 2111 δι’
612 2058 677 2110 ὧν
711 2061 738 2123 ἡ
773 2060 914 2113 πόλις
950 2064 1194 2123 κοσμεῖται
1221 2061 1294 2109 καὶ
1321 2058 1562 2124 ὶ1σώζεται,
1589 2058 1617 2121 ἡ
1645 2080 1748 2108 σω-

232 2145 463 2213 φροσύνη,
491 2144 537 2208 ἰἡ
563 2144 682 2210 πρὸς
708 2144 814 2198 τοὺς
839 2143 1003 2209 γονέας
1030 2145 1105 2193 καὶ
1125 2142 1232 2195 τοὺς
1251 2142 1601 2208 πρεσβυτέρους
1625 2142 1753 2203 ὑμῶν

233 2227 390 2295 1(παρὰ
415 2233 509 2279 τῶν
535 2227 650 2278 νέων
676 2227 893 2295 αἰσχύνη,
922 2228 948 2290 ἡ
977 2225 1179 2294 εὐταξία,
1207 2229 1265 2292 τῇ
1291 2229 1385 2275 τῶν
1412 2224 1567 2287 νόμων
1592 2246 1748 2289 προσ-
1770 2245 1846 2288 777

289 2381 304 2396 Π
325 2377 434 2409 ποιεῖν
456 2375 495 2409 F.
526 2374 685 2419 ποιήσειν
704 2375 822 2420 vulgo.
935 2378 953 2398 0
974 2372 1011 2408 ὃς
1031 2371 1136 2406 ὅντων
1155 2371 1277 2416 κυρίων
1296 2382 1365 2404 om.
1389 2370 1423 2404 S.
1455 2369 1484 2403 εἰ
1503 2367 1624 2414 κυρίων
1643 2384 1698 2415 γρ.
1722 2370 1757 2404 S.

237 2427 272 2463 ὃς
288 2428 393 2461 ὅντων
414 2427 536 2472 κυρίων
556 2429 666 2461 αὐτῶν
685 2428 722 2461 k.
853 2434 870 2462 Ρ
888 2440 930 2460 αν
950 2438 1021 2460 om.
1044 2426 1120 2459 F.v.
1251 2429 1270 2456 (1
1291 2423 1439 2466 καθῆσθε
1462 2423 1496 2456 S.
1517 2423 1592 2468 (qui
1611 2429 1759 2457 accentu

237 2484 346 2525 caret)
363 2481 405 2514 Y.
436 2481 602 2523 ἐκάθησθε
622 2481 740 2526 vulgo,
762 2479 858 2525 quod
877 2491 898 2512 a
917 2491 962 2512 m.
985 2478 1131 2523 antiqua
1145 2482 1323 2511 correctus
1343 2476 1448 2510 habet
1471 2476 1505 2509 S.
1649 2482 1664 2500 r
1683 2476 1761 2510 ἐστὶ

238 2547 307 2567 om.
330 2546 361 2567 V.
467 2541 479 2559 5
500 2533 690 2578 ταξάντων]
713 2533 980 2576 προσταξάντων
1000 2546 1055 2576 γρ.
1079 2531 1115 2566 S.
1215 2529 1229 2554 t
1249 2533 1316 2563 τῶν
1336 2529 1373 2562 in
1391 2543 1447 2574 γρ.
1471 2529 1505 2562 S.
1607 2534 1628 2552 u
1646 2527 1755 2573 ἡμῶν]

240 2588 331 2630 ὑμῶν
349 2599 380 2620 v.
524 2595 539 2611 Χ
560 2585 704 2632 λείπων]
728 2586 840 2619 λιπὼν
855 2585 938 2618 A.k.
1076 2590 1096 2617 Y
1114 2583 1292 2626 τοιαυτησὶ
1315 2582 1351 2616 S.
1383 2582 1583 2627 Legebatur
1603 2583 1759 2624 ταυτησὶ,

239 2641 335 2686 quod
353 2640 390 2673 in
409 2654 464 2684 γρ.
486 2639 592 2672 habet
614 2638 650 2673 S.
672 2639 733 2672 ubi
752 2638 913 2672 librarius
933 2637 1056 2671 calami
1075 2637 1177 2683 lapsu
1196 2636 1301 2670 ταυσί
1321 2635 1470 2680 scripsit.
1630 2639 1643 2655 Ζ
1664 2648 1760 2679 περι-

1292 2697 1350 2715 υπο

241 2725 477 2771 σχοινίσηται]
497 2725 788 2770 περισχοινίζηται
808 2726 886 2758 ΑΝ.
1023 2728 1042 2748 ὃ
1061 2722 1267 2768 ἀποχωρεῖν]
1292 2723 1483 2766 ἀποχωρεῖν
1504 2721 1542 2753 F.
1574 2720 1764 2764 ὑποχωρεῖν

242 2779 332 2813 Y.O.
363 2779 549 2823 ἀναχωρεῖν
568 2779 646 2812 A.v.
758 2774 778 2802 b
798 2777 865 2821 ἅμα
885 2788 955 2810 om.
978 2776 1098 2810 A.F.v.
1210 2781 1225 2800 C
1245 2776 1309 2822 τῷ]
1334 2777 1373 2808 τὸ
1393 2786 1426 2807 V.
1511 2772 1525 2793 ‘¹
1546 2775 1613 2805 τῶν
1632 2771 1759 2817 νόμων]

242 2832 321 2865 τοὺς
341 2833 464 2873 νόμους
484 2836 661 2865 correctus
680 2842 712 2864 v.
852 2835 867 2854 θ
887 2830 929 2862 τὰ
945 2841 1015 2863 om.
1034 2829 1107 2862 F.v.
1246 2826 1261 2852 f
1278 2828 1386 2870 σεμνὰ
1406 2827 1458 2859 καὶ
1478 2824 1581 2870 καλὰ]
1606 2825 1692 2858 καλὰ
1712 2825 1766 2858 καὶ

244 2885 352 2928 σεμνὰ
373 2884 447 2917 F.v.
584 2890 605 2917 g
625 2884 677 2917 καὶ
697 2895 767 2917 om.
789 2895 821 2916 v.
956 2879 970 2901 ὴ
993 2881 1153 2927 σώζεται]
1178 2881 1382 2915 Addebatur
1401 2878 1495 2912 οὗτοι
1515 2879 1763 2922 φυλάττουσιν,

244 2937 339 2982 quod
358 2948 427 2971 om.
449 2937 603 2971 A.F.k.s.
742 2932 751 2959 i
773 2935 790 2978 ἡ
811 2947 882 2969 om.
902 2935 976 2970 F.v.
1119 2931 1139 2958 k
1161 2934 1268 2979 παρὰ]
1294 2933 1311 2977 ἡ
1332 2932 1422 2977 παρὰ
1443 2929 1707 2966 A.F.S.Y.O.v.
1730 2935 1766 2964 et

245 3001 297 3035 pr.
320 2990 356 3024 k.
