1954 3273
869 499 927 546 K.

324 659 513 710 ΠΕΡΙ
563 658 733 710 ΤΗΣ
786 658 1198 711 ΑΤΕΛΕΙΑΣ
1250 659 1467 717 ΠΡΟΣ

662 765 1124 818 ΛΕΠΤΙΝΗΝ.

763 1038 781 1057 a
790 1036 1025 1066 ΥΠΟΘΕΣΙΣ.

184 1137 231 1171 ‘H
259 1140 327 1172 τῶν
351 1137 536 1182 Ἀθηναίων
564 1141 665 1174 πόλις
693 1139 816 1174 ἄλλοις
840 1153 878 1173 τε
906 1139 1002 1183 ἐτίμα
1030 1138 1110 1174 τοὺς
1138 1139 1314 1184 εὐεργέτας
1341 1140 1394 1173 καὶ
1421 1139 1554 1184 ἀτελείᾳ
1581 1142 1651 1174 λει-

132 1205 313 1248 τουργιῶν.
352 1205 494 1236 πολλῶν
514 1201 573 1236 οὖν
594 1203 839 1247 λαμβανόντων
858 1203 962 1246 αὐτὴν
982 1203 1106 1237 σπάνις
1124 1202 1231 1235 ἐδόκει
1251 1206 1317 1235 τῶν
1337 1204 1654 1248 λειτουργησόντων

135 1263 230 1301 εἶναι.
268 1266 323 1300 διὰ
354 1268 456 1300 τοῦτο
490 1266 654 1310 Λεπτίνης
686 1268 789 1310 νόμον
825 1266 1020 1313 εἰσήνεγκεν
1047 1263 1131 1300 εἶναι
1162 1266 1288 1310 μηδένα
1317 1266 1431 1309 ἀτελῆ,
1463 1263 1580 1311 1’μηδὲ
1612 1268 1683 1312 τὸ5

133 1330 258 1364 λοιπὸν
284 1330 392 1374 (ἲέξὸν
417 1326 501 1364 εἶναι
525 1332 573 1376 τῷ
599 1329 693 1377 δήμῳ
719 1330 846 1370 δοῦναι,
866 1331 927 1364 τὸν
953 1331 990 1364 δέ
1015 1330 1170 1364 ἀτέλειαν
1193 1329 1382 1373 αἷτὴσαντα
1408 1327 1587 1376 (Ῑπάσχειν
1612 1332 1655 1366 τὰ

133 1394 277 1438 ἔσχατα.
316 1395 440 1427 τοῦτον
468 1393 665 1438 ἐγράψαντο
693 1394 753 1426 τὸν
781 1394 884 1437 νόμον
911 1395 1079 1439 πρότερον
1106 1393 1167 1437 μὲν
1195 1393 1310 1433 ἄλλοι,
1338 1393 1412 1437 μεθ’
1435 1390 1481 1428 ὧν
1509 1395 1562 1428 καὶ
1588 1395 1653 1429 Βά-

134 1457 270 1498 θιππος,
291 1457 344 1491 καὶ
370 1457 429 1491 οὐκ
455 1457 652 1501 ἐπεξῆλθεν,
677 1456 694 1500 ἢ
716 1457 873 1503 χρήματα
894 1458 1013 1498 λαβὼν
1037 1456 1056 1500 ἢ
1083 1458 1174 1504 νόσῳ
1200 1458 1408 1503 περιπεσὼν,
1429 1460 1488 1492 νῦν
1508 1459 1544 1492 δέ
1564 1464 1652 1504 Φορ-

135 1520 221 1563 μίων
246 1521 298 1554 καὶ
324 1519 526 1564 Κτήσιππος
551 1521 569 1553 ὁ
595 1520 746 1565 Χαβρίου
775 1523 852 1556 παῖς
879 1521 931 1554 καὶ
955 1521 1043 1556 τινές
1068 1519 1140 1564 μετ’
1160 1521 1281 1562 αὐτῶν,
1302 1519 1352 1556 οἷς
1375 1520 1564 1567 συνήγορος
1583 1528 1650 1566 Δη-
1668 1537 1706 1559 10

135 1585 307 1628 μοσθένης
324 1584 463 1630 γίνεται.
502 1585 520 1617 ὁ
545 1585 606 1628 μὲν
631 1583 691 1618 οὖν
716 1584 881 1628 Λεπτίνης
905 1583 1012 1618 πλέον
1037 1582 1151 1628 ἰσχύει
1176 1586 1223 1631 τῷ
1249 1586 1464 1629 συμφέροντι
1487 1586 1563 1629 (τὴν
1587 1586 1653 1632 γὰρ

135 1648 253 1694 χρείαν
272 1646 505 1694 προΐσχεται),
528 1650 545 1682 ὁ
570 1649 606 1683 δὲ
627 1648 846 1692 Δημοσθένης
868 1651 914 1695 τῷ
937 1663 973 1682 τε
998 1647 1124 1694 ἐνδόξῳ
1147 1648 1200 1681 καὶ
1226 1650 1272 1695 τῷ
1295 1648 1422 1693 δικαίῳ,
1446 1651 1521 1695 θτῷ
1540 1649 1654 1696 δικαίῳ
1665 1658 1749 1700 452

136 1713 209 1757 μὲν,
231 1711 283 1746 ὅτι
306 1711 434 1747 δίκαιόν
457 1713 532 1747 ἐστι
557 1713 636 1748 τοὺς
663 1710 699 1746 εὖ
725 1711 934 1755 ποιήσαντας
958 1708 1052 1745 Ῐ’ἀντ’
1074 1710 1110 1745 εὖ
1133 1711 1335 1745 πεπονθέναι
1361 1712 1414 1745 καὶ
1441 1711 1520 1747 τοὺς
1546 1711 1655 1757 ὀρθῶς

136 1775 418 1818 ἕάντιλαβόντας
445 1780 512 1810 τῶν
537 1777 704 1811 δοθέντων
732 1777 775 1820 μὴ
802 1776 1034 1821 ἀφαιρεῖσθαι,
1059 1779 1107 1823 τῷ
1133 1776 1169 1810 δέ
1198 1776 1335 1822 ἐνδόξῳ,
1361 1777 1447 1810 διότι
1474 1777 1563 1821 τάχα
1592 1778 1682 1822 μὲν5

137 1841 190 1874 καὶ
216 1841 336 1876 ἄλλοις
361 1838 541 1886 Βαῖσχρὸν
567 1841 588 1874 ἃ
613 1841 801 1874 δεδώκασιν
829 1840 1061 1885 ἀφαιρεῖσθαι,
1083 1838 1273 1883 Ἀθηναίοις
1297 1840 1334 1873 δὲ
1360 1840 1424 1884 οὐχ
1447 1840 1580 1883 ἥκιστα,
1605 1838 1655 1875 οἷς

134 1903 205 1938 ἀντ’
225 1904 337 1938 ἄλλου
360 1903 597 1950 γνωρίσματος
623 1905 662 1937 τὸ
688 1904 938 1950 μεγαλόψυχον
967 1905 1145 1948 προσεῖναι
1171 1904 1274 1938 δοκεῖ.
1314 1903 1512 1937 ἐπιδεικνύει
1538 1904 1574 1938 δὲ
1602 1903 1655 1938 ὅτι

136 1969 189 2001 καὶ
215 1970 416 2014 παρανόμως
441 1967 614 2014 εἰσήνεγκε
639 1969 698 2002 τὸν
725 1969 837 2012 νόμον·
868 1964 984 2012 ἰλέγει
1003 1968 1069 2013 γὰρ
1092 1969 1194 2010 νόμον
1220 1969 1279 2001 τὸν
1305 1967 1485 2001 κελεύοντα
1507 1968 1654 2013 ἀναιρεῖν

135 2035 271 2076 πρῶτον
299 2032 358 2065 τὸν
387 2030 537 2065 ἐναντίον
566 2034 680 2075 νόμον,
710 2033 762 2065 καὶ
790 2033 867 2065 τότε
901 2032 1003 2065 αὐτὸν
1031 2032 1157 2066 τιθέναι
1186 2033 1299 2075 νόμον,
1329 2030 1381 2066 ἵνα
1414 2032 1458 2076 μὴ
1487 2032 1652 2076 ἀλλήλοις
1667 2046 1704 2067 10

135 2094 280 2130 ἐναντίοι
299 2094 395 2140 νόμοι
414 2094 646 2140 εὖρῖσκωνται.

191 2229 210 2248 ὃ
232 2223 311 2257 Hoc
331 2230 577 2270 argumentum
599 2225 725 2270 (usque
746 2226 790 2258 ad
809 2226 914 2260 verba
931 2224 1121 2269 Ἀθηναίοις
1141 2226 1176 2260 δὲ
1196 2227 1260 2271 οὐχ
1281 2227 1415 2270 ἥκιστα)
1435 2227 1549 2261 verbis
1568 2227 1651 2260 levi-

135 2283 191 2310 ter
205 2277 349 2310 mutatis
369 2283 404 2311 et
423 2278 602 2311 nonnullis
621 2278 758 2312 omissis
778 2291 881 2312 suum
900 2279 982 2313 fecit
997 2279 1170 2324 Georgius
1186 2280 1340 2314 Diaereta
1358 2280 1394 2313 in
1407 2280 1531 2313 Walzii
1547 2280 1651 2313 Rhet.

137 2330 206 2363 vol.
225 2329 261 2364 6.
283 2342 318 2375 p.
336 2340 424 2376 537.
577 2329 594 2355 b
613 2331 715 2376 μηδὲ]
741 2332 941 2377 Legebatur
959 2331 1054 2375 μήτε.
1094 2332 1300 2366 Correctum
1321 2345 1363 2367 ex
1383 2333 1536 2378 Georgio
1556 2338 1591 2366 et
1611 2344 1653 2366 ex

139 2382 215 2427 ipsa
232 2383 320 2428 legis
338 2383 490 2417 formula
507 2396 541 2429 p.
559 2390 648 2430 457,
668 2394 726 2428 17.
869 2391 885 2409 e
905 2386 981 2428 ἐξὸν
1001 2381 1101 2430 εἶναι]
1126 2386 1248 2429 ἐξεῖναι
1267 2399 1301 2431 p.
1319 2393 1408 2433 457,
1427 2395 1485 2431 17.
1507 2392 1541 2419 et
1561 2385 1655 2431 apud

138 2435 345 2481 Georgium.
393 2437 440 2469 Et
460 2437 508 2470 sic
527 2437 637 2470 codex
658 2437 871 2471 Bodleianus
890 2438 1040 2483 Taylori.
1152 2435 1171 2462 d
1190 2439 1354 2484 πάσχειν]
1380 2439 1422 2472 In
1443 2438 1574 2473 B.F.Y.
1595 2453 1652 2483 γρ.

139 2489 286 2532 πάσχειν
301 2490 343 2522 τὰ
358 2489 440 2522 κατὰ
454 2491 586 2528 τοῦτον,
601 2501 671 2534 quo
693 2490 908 2535 signifieattu·
926 2503 990 2536 pro
1010 2491 1140 2535 ἔσχατα
1161 2491 1264 2525 scribi
1279 2492 1372 2532 κατὰ,
1387 2492 1482 2536 quod
1497 2503 1539 2525 ex
1559 2491 1652 2536 glos-

140 2547 271 2575 semate
291 2542 372 2575 κακὰ
391 2547 507 2575 ortum
529 2554 603 2576 esse
624 2542 772 2586 conjecit
793 2543 1000 2577 Sehaeferus.
1044 2544 1099 2577 Ex
1119 2542 1296 2578 codicibu's
1313 2545 1451 2578 Veneto
1471 2549 1507 2577 et
1522 2544 1655 2577 Vindo-

139 2593 288 2628 bonensi
307 2594 476 2640 Taylorus
499 2596 600 2628 affert
623 2596 706 2629 κατὰ
730 2598 851 2629 τοῦτον
877 2596 1075 2641 ἐγράψαντο
1101 2600 1222 2630 τοῦτον
1246 2598 1360 2640 νόμον.
1417 2597 1522 2642 Apud
1546 2596 1655 2630 Geor-

141 2646 239 2691 gium
265 2647 462 2692 ἐγράψαντο
490 2650 612 2681 τοῦτον
638 2649 698 2681 τὸν
727 2650 840 2691 νόμον,
867 2649 1004 2682 omissis
1033 2650 1310 2694 praecedentibus
1338 2650 1452 2683 verbis
1480 2650 1540 2682 τὸν
1565 2650 1657 2682 δὲ-

141 2700 284 2742 ἕσχατα.
437 2705 453 2724 θ
473 2703 520 2747 τῷ
536 2701 579 2734 Y.
611 2701 664 2733 καὶ
683 2703 730 2747 τῷ
748 2701 866 2746 vulgo.
911 2702 953 2735 In
975 2702 1016 2736 B.
1038 2702 1164 2749 ἐνδόξῳ
1183 2703 1236 2735 καὶ
1254 2705 1302 2749 τῷ
1321 2702 1435 2748 δικαίῳ
1454 2703 1515 2744 μὲν
1535 2700 1654 2735 ὅτι-.

142 2748 158 2775 f
177 2750 248 2784 ἀντ’
267 2750 304 2785 εὖ
325 2753 544 2799 πεπονθέναι]
578 2753 800 2787 Scribebatur
823 2754 1134 2789 ἀντευπεπονθέναι.
1173 2755 1448 2789 ἀντιπεπονθέναι
1469 2754 1653 2799 Georgius.

143 2809 164 2837 g
186 2803 430 2844 ἀντιλαβόντας
455 2807 599 2840 B.F.t.v.
649 2806 848 2852 Legebatur
872 2807 912 2840 ἷίν
937 2822 970 2841 τι
994 2809 1174 2849 λαβόντας,
1196 2808 1291 2853 quod
1309 2808 1475 2841 intulerat
1495 2807 1543 2840 H.
1558 2807 1656 2840 Wol-

143 2858 210 2890 fius
231 2863 265 2890 et
285 2857 320 2890 in
340 2858 418 2892 cod.
438 2859 539 2893 Bodl.
562 2859 730 2904 scriptum
751 2871 826 2893 esse
846 2860 952 2894 refert
966 2861 1148 2906 Taylorus.
1229 2858 1249 2884 h
1269 2861 1414 2904 αἰσχρὸν
1434 2860 1482 2893 Η.
1497 2859 1657 2893 WVolfius.

144 2908 282 2953 αἴσχιον
301 2910 391 2944 libri.
526 2909 536 2936 i
555 2913 648 2957 λέγει
668 2913 733 2958 γὰρ
755 2912 795 2946 Υ.
825 2913 939 2958 λέγειν
957 2914 1023 2959 γὰρ
1043 2914 1145 2959 ἐχρῆν
1164 2914 1280 2959 vulgo.
1311 2912 1584 2958 λέγει-τιθέναι
1605 2913 1658 2945 νό-

143 2976 208 3006 μον
227 2974 296 2996 om.
314 2963 356 2997 B.

148 3038 297 3089 ΓνῐῸΙΛ.
318 3038 366 3063 ΙΙ.
924 3041 946 3066 Β
