1954 3273
30 193 189 235 —534‚
204 199 257 224 ‘2¹-
708 188 851 225 ΚΑΤΑ
883 186 1134 224 ΜΕΙΔΙΟΥ.
1596 180 1677 222 561

156 320 253 361 τον,
280 296 330 351 ὃς
357 304 440 349 νῦν
470 298 555 362 μὲν
586 301 662 349 καὶ
694 299 845 364 γε’ρων
876 299 1007 348 ἐστὶν
1038 296 1126 360 ἤδη
1154 297 1229 346 καὶ
1264 295 1380 348 ἴσως
1415 295 1567 359 ἥττων
1600 318 1682 362 χο-

155 380 331 446 ρευτὴς,
370 381 427 447 ἧν
469 382 524 433 δέ
557 383 662 434 ποθ’
702 380 888 447 ἡγεμὼν
928 383 1010 444 τῆς
1053 383 1209 448 φυλῆς
1251 384 1519 445 κορυφαῖος.
1577 378 1733 432 'lo-reu>

155 463 226 515 f&
259 464 409 529 δήπου
442 468 583 528 τοῦθ’,
617 465 688 516 ὅτι
721 465 803 515 τὸν
833 462 1039 530 ἡγεμόνα
1066 462 1150 513 ἕᾶν
1176 462 1366 531 11οἰφέλῃ
1392 485 1474 524 τις,
1502 461 1680 529 οἴχεται

92 549 183 611 7ὃὸ
217 549 384 603 λοιπὸς
418 549 572 617 χορός.
629 550 738 600 ἀλλ’
769 548 894 612 ὅμως
926 553 1127 600 πολλῶν
1159 552 1378 615 χορηγῶν
1405 550 1678 615 φιλονεικη-

157 632 349 683 σάντων
391 634 536 687 οὐδεὶς
580 633 770 684 πώποτε
813 637 939 683 τοῦτ’
980 630 1068 682 εἶδε
1110 631 1164 682 τὸ
1206 631 1546 695 πλεονέκτημα,
1587 632 1679 682 οὐδ’

157 715 394 780 ἐτόλμησε
437 722 603 767 τοῦτον
647 717 899 785 ἐξαγαγεῖν
944 715 1047 767 οὐδὲ
1093 722 1322 766 κωλῦσαι·
1375 714 1451 766 διὰ
1492 713 1586 780 γὰρ
1627 714 1682 765 τὸ

157 804 252 851 δεῖν
286 800 427 852 αὐτὸν
463 801 808 865 ἐπιλαβόμενον
843 806 900 868 τῇ
937 802 1054 868 χειρὶ
1092 806 1229 851 τοῦτο
1266 802 1465 863 ποιῆσαι
1503 802 1579 849 καὶ
1617 797 1682 863 μὴ
1694 821 1781 865 534

155 885 592 950 προσκαλέσασθαι
627 885 747 951 πρὸς
783 884 865 935 τὸν
901 884 1109 950 ἄρχοντα
1141 883 1322 952 ἐξεῖναι,
1356 882 1519 949 ὥσπερ
1553 881 1610 932 ἂν
1645 886 1683 933 εἰ

157 968 293 1037 ξένον
326 992 395 1022 τις
430 969 680 1037 ἐξαγαγεῖν
714 968 960 1032 ἠβούλετο,
987 967 1110 1021 ἅπας
1145 991 1214 1021 τις
1246 965 1380 1018 ὤκνει
1414 970 1496 1030 τῆς
1526 969 1677 1017 ἀσελ-

91 1053 285 1118 79γείας
336 1054 507 1117 ταύτης
558 1052 773 1119 αὐτόχειρ
823 1054 1028 1121 ὀφθῆναι
1078 1051 1396 1117 ἰγιγνόμενος.
1469 1052 1552 1101 οὐκ
1601 1051 1711 1104 οῦνε

158 1135 319 1200 δεινὸν,
351 1135 388 1186 cg
423 1136 624 1203 ko’c‘vsspes*
661 1139 892 1199 δικασταὶ,
928 1139 1005 1187 καὶ
1040 1138 1265 1203 σχέτλιον
1299 1140 1393 1186 τῶν
1430 1134 1515 1199 μὲν
1553 1139 1684 1185 νικᾶν

156 1219 215 1271 ἂν
238 1220 391 1271 1ταυτὶ
421 1220 551 1286 παρὰ
577 1228 606 1246 ¹¹²
618 1221 740 1271 τοῦτ’
771 1220 993 1283 οἰομένων
1024 1225 1257 1287 χορηγῶν,
1285 1224 1379 1269 τῶν
1406 1218 1679 1283 Ποἰνηλωκό-

156 1328 251 1355 των
287 1303 524 1358 πολλάκις
561 1303 719 1355 πάντα
758 1303 817 1354 τὰ
856 1304 970 1354 ὄντα
1011 1307 1073 1357 εἷς
1114 1302 1198 1356 τὰς
1240 1302 1546 1368 λειτουργίας,
1586 1325 1678 1366 μη-

157 1386 267 1437 δένα
300 1390 542 1451 τολμῆσαι
578 1387 770 1438 πώποτε
808 1389 914 1452 μηδ’
948 1385 1012 1438 ῶν
1046 1392 1088 1438 οὶ
1127 1388 1260 1450 νόμοι
1297 1387 1510 1438 διδόασιν
1545 1386 1678 1456 ἅψα-

158 1476 288 1534 σθαι,
316 1473 425 1522 ἀλλ’
455 1473 600 1525 οὕτως
627 1473 855 1533 εὐλαβῶς,
883 1473 1055 1525 οοῦτως
1087 1474 1307 1533 εὐσεβῶς,
1336 1473 1456 1522 οὕτω
1486 1472 1683 1538 μετρίως
1700 1499 1738 1521 10

91 1558 434 1617 ὃοδιακεῖσθαι,
481 1554 604 1606 ὥστε
651 1557 998 1609 ἀναλίσκοντας
1041 1557 1341 1621 ἀγωνιῶντας
1387 1555 1511 1619 ὅμως
1549 1558 1681 1606 Ράπ-

156 1639 349 1707 ἔχεσθαι
398 1643 473 1690 καὶ
525 1644 825 1706 προορᾶσθαι
870 1639 954 1693 τὰς
1006 1640 1227 1705 ὑμετέρας
1271 1638 1564 1703 ᾳβουλήσεις
1609 1641 1685 1690 καὶ

157 1722 243 1787 τὴν
276 1725 381 1790 περὶ
417 1723 501 1788 τὴν
538 1723 702 1790 ἑορτὴν
741 1723 969 1787 σπουδὴν,
1009 1724 1210 1774 Μειδίαν
1248 1723 1296 1773 δὲ
1335 1722 1520 1785 ἰδιώτην
1558 1721 1684 1785 ὅντα,

157 1807 301 1872 μηδὲν
321 1807 638 1871 ιὀἰνηλωκότα,
660 1808 729 1858 ὅτι
756 1831 822 1876 τῳ
844 1808 1172 1874 προσέκρουσε
1198 1809 1272 1857 καὶ
1298 1807 1465 1873 ἐχθρὸς
1492 1808 1683 1873 ὑπῆρχε,
1702 1835 1711 1855 ι
1719 1833 1735 1866 5

157 1898 324 1942 τοῦτον
351 1892 672 1942 ἀναλίσκοντα
699 1893 793 1941 ςκαὶ
824 1897 1122 1958 χορηγοῦντα
1147 1891 1383 1953 ἵέπίτιμον
1416 1890 1529 1940 ὄντα
1560 1913 1679 1956 προ-

156 1975 428 2040 πηλακίζειν
464 1978 539 2026 καὶ
579 1975 781 2037 τύπτειν,
818 1978 894 2026 καὶ
931 1977 1047 2039 μήτε
1082 1978 1201 2038 “τῆς
1240 1976 1400 2040 ἑορτῆς
1438 1974 1554 2038 μήτε
1590 1979 1685 2025 τῶν

160 2059 315 2123 νόμων
341 2059 457 2123 μήτε
484 2060 533 2110 τί
556 2062 681 2123 ὑμεῖς
708 2062 847 2126 ἐρεῖτε
875 2060 991 2124 μήτε
1017 2065 1100 2110 τοῦ
1126 2064 1232 2110 θεοῦ
1260 2059 1533 2126 φροντίζειν.

94 2156 144 2195 81
237 2148 450 2194 Πολλῶν
470 2144 639 2206 τοίνυν,
658 2141 694 2193 ῶ
715 2143 878 2209 ἄνδρες
893 2145 1150 2206 Ἀθηναῖοι,
1167 2142 1487 2208 γεγενημένων
1504 2144 1686 2209 ἐχθρῶν

159 2226 406 2291 ἀλλήλοις,
438 2229 492 2277 οὐ
525 2226 670 2290 μόνον
706 2227 763 2295 ἐξ
793 2228 932 2288 ἰδίων,
960 2226 1091 2277 ἀλλὰ
1123 2229 1199 2277 καὶ
1234 2228 1284 2276 ἐκ
1322 2231 1488 2276 κοινῶν
1522 2249 1680 2293 πραγ-
1697 2252 1737 2274 20

155 2311 332 2376 μάτων,
359 2312 503 2364 οὐδεὶς
528 2310 706 2362 πώποτ’
737 2315 799 2363 εἰς
824 2312 1038 2361 Χτοσοῦτ’
1068 2311 1298 2364 ἀναιδείας
1330 2311 1525 2379 ἀφίκετο
1558 2309 1683 2362 ὥστε

213 2499 230 2526 f
247 2502 283 2535 δὲ
303 2501 420 2535 addidi
440 2513 483 2535 ex
504 2501 713 2536 P.S.Y.O.S.
811 2506 831 2533 g
851 2498 908 2545 ἂν]
933 2500 989 2533 ἐὰν
1008 2500 1088 2533 A.k.
1183 2496 1202 2522 h
1222 2497 1354 2543 ἀφέλῃ]
1379 2497 1550 2543 ἀφέληται
1570 2499 1682 2534 A.k.r.

160 2569 171 2596 i
190 2571 405 2617 γιγνόμενος]
429 2574 606 2617 γενόμενος
628 2570 670 2605 Y.
772 2567 793 2594 k
813 2570 930 2615 ἄνδρες
949 2570 1123 2615 δικασταὶ]
1149 2569 1300 2612 ἁθηναῖοι
1321 2582 1350 2603 r.
1387 2569 1429 2603 In
1449 2569 1490 2602 A.
1509 2551 1546 2602 ῶ.
1584 2568 1626 2601 In
1648 2568 1683 2602 S.

159 2635 291 2682 ἅνδρες,
314 2623 388 2680 αθη,
410 2633 579 2669 δικασταί.
701 2631 712 2658 Ῑ
732 2633 845 2679 ταυτὶ]
869 2635 964 2667 τουτὶ
984 2647 1010 2667 s.
1033 2646 1104 2668 om.
1122 2634 1276 2668 A.F.k.1·.
1404 2638 1435 2656 m
1455 2631 1564 2678 τοῦτ’]
1589 2631 1683 2665 ταῦτ’

162 2707 275 2742 A.k.1·.
381 2713 401 2731 Π
421 2704 656 2750 ἀνηλωκότων]
679 2697 898 2748 ἀνῆλωκότων
919 2704 958 2738 F.
1071 2709 1089 2728 0
1110 2702 1216 2738 οὕτως
1236 2703 1389 2743 εὐσεβῶς
1408 2702 1444 2736 in
1463 2714 1573 2747 marg.
1596 2714 1616 2734 a
1635 2714 1682 2735 m.

1460 2751 1588 2787 βοήσεις

162 2803 308 2849 antiqua
326 2803 433 2837 habet
454 2803 488 2836 S.
557 2807 576 2834 P
596 2799 802 2844 ἀπέχεσθαι]
827 2798 1039 2843 ἀπέχθεσθαι
1059 2800 1098 2834 F.
1166 2807 1186 2835 (1
1205 2797 1408 2842 βουλήσεις]
1433 2796 1620 2840 βουλήσεις
1638 2796 1680 2830 Y.

162 2872 304 2916 βοήσεις
323 2873 362 2907 Ρ.
439 2878 454 2897 1'
472 2869 683 2915 ἀνηλωκότα]
708 2861 902 2912 ἀνῆλωκότα
923 2868 963 2902 F.
1049 2874 1063 2893 S
1084 2869 1137 2902 καὶ
1156 2868 1273 2903 addidi
1293 2879 1336 2901 ex
1358 2867 1392 2901 S.
1473 2865 1486 2890 ἵ
1506 2865 1677 2911 ἐπίτιμον]

163 2926 331 2970 ἐπιτίμιον
351 2926 395 2961 Ο.
494 2931 517 2950 ¹1
536 2926 595 2968 τῆς
614 2935 684 2958 om.
705 2923 808 2957 F.t.v.
908 2927 927 2946 Χ
947 2921 1103 2968 τοσοῦτ’]
1127 2924 1296 2955 τοσοῦτον
1314 2921 1357 2954 Α.

879 2996 960 3023 ΜΖ
