1954 3273
78 176 232 231 -518‚
253 192 281 220 7.
749 180 890 217 ΚΑΤΑ
924 178 1170 215 ΜΕΙΔΙΟὙ.
1631 176 1716 214 543

137 309 187 338 12
274 291 337 340 ‘O
363 289 448 353 μὲν
481 289 620 353 νόμος
651 289 784 342 οὗτός
809 291 952 350 ἐστιν,
981 286 1017 337 ὦ
1043 287 1225 353 ἰἄνδρες
1250 288 1505 350 Ἀθηναῖοι,
1533 287 1634 336 καθ’
1664 286 1716 336 ὃν

199 377 245 423 αἱ
281 376 519 439 προβολαὶ
555 374 809 438 γίγνονται,
845 371 1011 436 λέγων,
1053 369 1215 436 ὥσπερ
1251 369 1497 433 ἠκούσατε,
1533 368 1716 419 ιςποιεῖν

197 455 283 520 τὴν
309 458 566 521 ἐκκλησίαν
592 458 640 506 ἐν
667 456 906 507 Διονύσου
931 455 1049 518 μετὰ
1074 453 1154 505 1τοὶ
1182 453 1378 515 Πάνδια,
1406 456 1454 504 ἐν
1486 453 1534 503 δὲ
1567 453 1714 520 ταύτῃ
1732 477 1768 498 10

896 537 1154 604 ῐῃπρόεδροι
1191 539 1296 603 περὶ
1334 536 1397 587 ὧν
1434 537 1654 606 διῴκηκεν
1690 538 1714 587 ὁ

197 539 383 591 ἐπειδᾶν
419 541 781 606 χρηματίσωσιν
816 543 857 589 οἱ

198 623 369 690 ἄρχων,
397 623 726 690 ῃχρηματίζειν
762 625 835 672 καὶ
874 626 981 688 περὶ
1016 621 1080 672 ὧν
1115 622 1173 671 ἄν
1203 644 1271 674 τις
1302 621 1530 685 ἠδικηκὼς
1556 619 1584 687 ᾗ
1609 623 1715 686 περὶ

136 725 182 766 13
198 706 283 770 τὴν
309 706 474 772 ἑορτὴν
499 705 528 771 ἦ
553 705 959 770 παρανενομηκὼς,
987 710 1157 766 καλῶς,
1181 703 1217 754 ὦ
1243 704 1432 770 Οόίνδρες
1457 705 1713 768 Ἀθηναῖοι,

197 792 272 840 καὶ
323 789 660 858 συμφερόντως
710 790 830 857 ἔχων
881 791 904 840 ὁ
957 789 1111 853 νόμος,
1159 791 1221 842 ὡς
1271 788 1324 838 τὸ
1374 789 1552 853 πρᾶγμ’
1600 787 1713 838 αὐτὸ
1731 807 1766 839 ¹5

195 879 427 940 μαρτυρεῖ.
480 874 597 925 ὅπου
624 873 717 940 γὰρ
743 872 934 927 ἐπόντος
960 879 1042 924 τοῦ
1076 873 1233 940 φόβου
1267 872 1433 922 τούτου
1468 873 1718 939 φαίνονταί

195 980 314 1011 τινες
341 958 471 1008 οὐδὲν
498 958 636 1022 ἧττον
664 959 899 1023 ὑβρισταὶ,
927 958 976 1007 τί
997 957 1088 1024 χρὴ
1115 955 1254 1009 probs
1289 956 1524 1009 τοιούτους
1553 978 1708 1020 προσ-

196 1045 337 1092 δοκᾶν
364 1041 422 1092 ἂν
447 1047 607 1104 ποιεῖν,
635 1047 671 1092 εἶ
697 1044 854 1105 μηδεὶς
881 1043 1023 1105 Ἷέπῆν
1049 1041 1178 1105 ἀγὼν
1204 1039 1319 1103 μηδὲ
1346 1040 1585 1099 κίνδυνος;

131 1143 184 1182 14
270 1124 511 1184 Βούλομαι
538 1127 717 1176 Ττοίνυν
753 1127 858 1187 ὑμῖν
892 1127 967 1175 καὶ
1001 1123 1084 1175 τὸν
1116 1124 1225 1192 ἑξῆς
1251 1122 1423 1185 8νόμον
1448 1125 1713 1188 ἀναγνῶναι

193 1208 385 1277 ἴτούτῳ·
427 1211 501 1258 καὶ
533 1208 626 1274 γὰρ
653 1211 702 1259 ἐκ
734 1209 901 1259 τούτου
935 1207 1114 1276 φανερὰ
1148 1212 1298 1258 πᾶσιν
1332 1208 1437 1269 ὑμῖν
1470 1206 1501 1269 ἥ
1532 1229 1581 1256 τε
1617 1211 1711 1257 τῶν
1726 1227 1766 1248 20

193 1292 394 1342 “ο’ίλλων
427 1293 555 1355 ὑμῶν
582 1292 803 1353 εὐλάβεια
829 1291 1076 1357 γενήσεται
1111 1293 1186 1341 καὶ
1223 1289 1276 1340 τὸ
1311 1290 1478 1340 τούτου
1512 1290 1706 1355 θράσος.

193 1376 303 1441 λέγε
329 1374 411 1425 τὸν
438 1374 593 1438 νόμον.

841 1465 1062 1505 ΝΟΜΟΣ.

132 1546 180 1587 15
309 1535 536 1587 ΧΕὐήγορος
558 1535 679 1581 εἶπεν,
698 1537 793 1575 ὅταν
813 1536 836 1586 ἡ
856 1535 990 1585 πομπὴ
1010 1534 1034 1591 ᾗ
1053 1538 1104 1589 τῷ
1127 1534 1308 1588 Διονύσῳ
1326 1536 1369 1574 ἐν
1392 1538 1572 1585 Πειραιεῖ
1591 1535 1652 1575 καὶ
1674 1537 1710 1576 οἱ
1724 1549 1761 1580 25

250 1604 422 1657 κωμῳδοὶ
457 1604 519 1643 καὶ
557 1605 593 1643 οἱ
631 1603 835 1657 τραγῳδοὶ,
873 1611 890 1635 θ’
905 1604 966 1643 καὶ
1003 1605 1056 1654 Ζὶ]
1093 1603 1155 1643 ἐπὶ
1190 1604 1346 1657 Ληναίῳ
1380 1603 1540 1653 8πομπὴ
1578 1604 1640 1644 καὶ
1675 1606 1711 1644 οἱ

248 1670 438 1723 τραγῳδοὶ
468 1670 529 1710 καὶ
559 1671 595 1709 οἱ
624 1670 809 1724 κωμῳδοὶ,
842 1671 903 1710 καὶ
933 1675 1013 1712 τοῖς
1042 1672 1084 1710 ἐν
1112 1671 1222 1710 ἄστει
1252 1669 1503 1710 1)Διονυσίοις
1529 1670 1551 1719 ἡ
1579 1669 1711 1720 πομπὴ

252 1739 314 1777 καὶ
347 1739 382 1777 οἱ
415 1741 548 1779 παῖδες
582 1738 644 1777 καὶ
677 1739 697 1777 ὁ
733 1742 854 1788 κῶμος
887 1739 949 1778 καὶ
983 1739 1020 1777 οἱ
1053 1738 1224 1791 κωμῳδοὶ
1255 1738 1317 1777 καὶ
1348 1739 1384 1776 οἱ
1415 1737 1616 1790 τραγῳδοὶ,
1649 1737 1712 1776 καὶ

249 1806 518 1856 ΟΘαργηλίων
548 1807 594 1859 τῇ
624 1808 755 1856 πομπῇ
785 1806 846 1845 καὶ
873 1808 924 1860 τῷ
956 1807 1076 1857 ἀγῶνι
1102 1805 1179 1855 ᾶμὴ
1209 1804 1353 1854 ἐξεῖναι
1377 1804 1498 1855 Εμήτε
1527 1802 1805 1857 εἰέχυρά-518

251 1888 319 1911 σαι
349 1871 444 1922 μήτε
471 1871 695 1921 λαμβάνειν
725 1872 859 1923 ἕτερον
886 1872 1030 1923 ἑτέρου,
1055 1874 1149 1922 μηδὲ
1175 1876 1251 1911 τῶν
1271 1872 1533 1923 ὑπερημέρων,
1558 1873 1600 1911 ἐν
1622 1873 1710 1911 ταύ-

250 1955 333 1979 ταις
355 1942 438 1980 ταῖς
458 1937 626 1989 ἡμέραις.
671 1939 740 1978 ἐὰν
762 1939 804 1978 δέ
829 1956 884 1980 τις
910 1941 1055 1979 τούτων
1082 1956 1116 1979 τι
1142 1940 1382 1993 παραβαίνῃ,
1406 1940 1585 1981 ὑπόδικος
1607 1939 1708 1979 ἔστω

249 2007 301 2059 τῷ
330 2007 507 2051 παθόντι,
538 2006 600 2045 καὶ
627 2007 826 2057 προβολαὶ
848 2006 988 2047 ῗαύτοῦ
1017 2008 1196 2047 ἔστωσαν
1226 2010 1269 2046 ἐν
1297 2009 1342 2056 τῇ
1372 2007 1558 2059 ἐκκλησίᾳ
1587 2008 1632 2061 τῇ
1665 2007 1737 2047 ἐν5

250 2073 448 2112 Διονύσου
485 2073 534 2114 ὡς
568 2074 801 2122 ἀδικοῦντος,
836 2076 934 2114 καθὰ
964 2075 1050 2126 περὶ
1086 2078 1161 2114 τῶν
1196 2075 1331 2114 ἄλλων
1366 2077 1442 2112 τῶν
1474 2073 1708 2112 ἀδικούντων

248 2139 477 2191 γέγραπται.

132 2227 182 2266 16
264 2219 586 2281 Ἐνθυμεῖσθε,
629 2216 665 2269 ὦ
711 2220 873 2285 ἄνδρες
916 2221 1146 2279 δικασταὶ,
1190 2218 1259 2268 ὅτι
1304 2220 1351 2268 ἐν
1391 2223 1457 2287 τῷ
1495 2218 1706 2287 προτέρῳ

245 2394 253 2421 i
273 2398 390 2443 ἄνδρες
407 2396 594 2446 Ἀθηναῖοι]
619 2400 776 2433 δικασταὶ
796 2401 832 2433 k.
920 2396 941 2423 k
961 2401 1070 2433 ποιεῖν
1090 2405 1170 2445 post
1190 2398 1371 2442 ἐκκλησίαν
1390 2410 1416 2431 r.
1493 2395 1503 2421 Ῑ
1523 2400 1564 2431 τὰ
1585 2410 1654 2432 om.
1677 2410 1704 2432 r.

190 2455 220 2474 m
240 2451 417 2497 πρόεδροι]
442 2453 583 2497 πρόοδοι
603 2465 654 2498 pr.
674 2453 707 2486 S.
798 2459 818 2477 Π
839 2453 924 2487 Post
943 2452 1160 2497 χρηματίζειν
1178 2452 1284 2497 vulgo
1303 2451 1432 2497 legitur
1453 2450 1592 2491 κελεύει,
1611 2451 1706 2496 quod

189 2515 258 2537 0111.
277 2504 327 2545 S.,
343 2517 363 2538 a
381 2517 429 2540 m.
451 2517 520 2539 rec.
543 2506 648 2540 habet
668 2506 710 2539 Y.
781 2511 799 2531 0
818 2506 937 2551 ἄνδρες
955 2505 1141 2552 Ἀθηναῖοι]
1167 2506 1323 2538 δικασταὶ
1341 2505 1376 2538 k.
1448 2510 1467 2538 P
1487 2519 1519 2538 τ.
1541 2519 1571 2537 τ.
1592 2518 1703 2549 προσ-

189 2556 307 2602 δοκᾶν]
331 2558 528 2602 προσδοκᾶν
548 2574 578 2593 τ.
599 2574 629 2593 τ.
650 2559 875 2593 A.F.k.r.t.v.
984 2565 1004 2592 q
1023 2559 1123 2605 ἐπῆν]
1149 2557 1188 2601 ἧν
1207 2559 1249 2592 Α.
1273 2558 1508 2603 superscripto
1528 2570 1548 2591 a
1566 2569 1614 2592 m.
1635 2569 1704 2591 ree.

188 2608 242 2643 ε’π.
380 2616 396 2634 Γ
415 2611 544 2657 τοίνυν]
569 2613 604 2646 δὲ
624 2614 740 2648 A.k.1·.
883 2618 898 2636 S
919 2611 1021 2656 νόμον
1040 2611 1242 2657 ἀνα-γνῶναι]
1267 2612 1453 2657 ἀναγνῶναι
1473 2612 1575 2654 νόμον
1596 2611 1702 2645 F.‘c.V.

188 2660 203 2686 t
221 2661 330 2709 τούτῳ
349 2662 421 2697 Y.S.
443 2670 478 2697 et
497 2677 549 2710 pr.
572 2666 608 2699 S.
648 2666 848 2711 Legebatur
868 2666 1013 2700 τουτονί.
1148 2672 1169 2690 U
1190 2664 1323 2710 ἄλλων]
1348 2664 1466 2698 ἄλλων
1485 2663 1641 2697 ἁπάντων
1660 2664 1702 2696 A.

189 2714 304 2749 Y.k.r.
416 2722 436 2740 X
458 2717 589 2763 Legem
609 2730 678 2753 om.
698 2719 778 2753 A.k.
902 2725 919 2752 Y
941 2719 992 2752 καὶ
1012 2718 1239 2764 ἡ--κωμῳδοὶ
1259 2719 1312 2751 καὶ
1331 2718 1362 2751 οἶ
1382 2717 1550 2764 τραγῳδοὶ
1570 2728 1640 2750 om.
1664 2716 1702 2751 F.

189 2773 206 2792 Ζ
227 2768 246 2811 ἡ
266 2768 400 2802 addidit
420 2769 593 2804 Reiskius.
719 2777 737 2796 a
755 2772 890 2818 πομπὴ]
914 2773 1045 2815 πομπῆι
1066 2772 1152 2805 P.Y.
1269 2768 1289 2794 b
1311 2771 1505 2804 Διονυσίοις
1525 2769 1542 2812 ἡ
1564 2768 1698 2814 πομπὴ]

187 2821 372 2856 διονυσίοις
392 2823 423 2854 οἶ
443 2825 573 2865 πομποὶ
593 2836 619 2857 s.
717 2830 733 2849 ⁰
754 2825 956 2870 Θαργηλίων
977 2825 1151 2859 Reiskius.
1183 2826 1200 2857 ὁ
1221 2825 1413 2869 θαργηλιὼν
1432 2824 1522 2857 libri.
1619 2819 1638 2846 d
1658 2822 1702 2864 μὴ

187 2873 228 2907 Β.
255 2886 274 2907 a
294 2886 340 2908 m.
362 2876 493 2909 recenti
513 2884 688 2911 correctus
709 2884 743 2912 et
763 2879 832 2912 duo
853 2879 989 2913 codices
1009 2878 1158 2923 Taylori.
1193 2877 1277 2921 μήτε
1296 2878 1414 2921 vulgo.
1582 2880 1596 2898 e
1621 2874 1703 2918 μήτε

185 2927 325 2972 punctis
345 2940 365 2961 a
387 2941 431 2962 m.
453 2941 520 2963 ree.
544 2936 706 2964 notatum
729 2931 765 2965 in
787 2932 822 2964 S.
932 2929 947 2955 f
965 2931 1086 2976 αὐτοῦ]
1111 2932 1212 2977 αὐτῶι
1233 2929 1324 2964 Y.O.

242 3002 336 3028 VOL.
360 3001 409 3028 11.
943 3007 967 3031 Κ
