1954 3273
243 209 328 252 ’718
798 215 1226 254 ΔΗΜΟΣΘΕΝΟΤΣ
1286 213 1368 253 OR.
1394 212 1587 253 XXIII.
1609 227 1649 267 p.
1668 212 1765 264 684,
1783 226 1881 250 22—

242 321 381 374 ούτου
405 321 490 386 μὲν
514 321 710 387 μηδενὸς
736 324 870 377 ὄντος
894 323 1010 389 μηδὲ
1036 325 1377 390 γεγραμμένου,
1402 324 1685 388 βουλόμενοι
1711 325 1759 376 δὲ

242 406 379 473 μείζω
414 413 524 458 ὅτοῦ
562 407 747 461 δέοντος
788 411 985 472 ποιῆσαι
1027 406 1103 458 διὰ
1145 413 1230 459 τοῦ
1260 409 1369 474 παρ’
1409 406 1566 471 ι’ὑμῶν
1601 408 1757 459 ἄδειαν

243 495 410 551 λαβεῖν
435 489 543 544 τοὺς
580 492 752 541 ἐκείνου
776 489 1087 557 στρατηγοὺς,
1115 492 1319 557 ςέροῦσι,
1346 490 1470 542 δεινὰ
1495 496 1642 542 ποιεῖν
1667 492 1751 541 αὐ-

242 571 348 627 τοὺς
387 574 599 639 ἡγοῦμαι.
642 574 695 624 οὐ
729 572 821 639 γάρ
859 575 963 624 ἐστι
998 575 1188 636 δίκαιον,
1215 572 1280 624 ‘¹⁶3
1314 574 1477 641 ἄνδρες
1500 575 1755 638 Ἀθηναῖοι,
1768 603 1806 633 25

242 657 350 712 τοὺς
387 661 482 708 τῶν
519 659 732 720 σωθῆναι
770 656 1031 722 ζητούντων
1069 655 1243 723 λόγους
1281 657 1400 724 πρὸς
1445 659 1563 722 ὑμᾶς
1601 659 1757 724 λέγειν

147 760 229 803 230
243 740 357 807 ὑπὲρ
381 744 477 790 τῶν
497 739 623 793 ὅπως
642 741 812 790 ἀδικεῖν
831 741 986 794 αὑτοῖς
1013 747 1029 767 e
1046 741 1235 809 ἐξέσται
1258 740 1576 807 πραττόντων.
1617 743 1759 809 χωρὶς

242 822 291 874 δὲ
315 822 507 885 τούτων,
534 826 572 873 εἰ
597 821 682 887 μὲν
707 822 874 890 ἐχθρὸς
898 821 983 874 ἕῶν
1010 828 1161 877 κακῶς
1186 825 1341 887 ἐποίει,
1369 824 1511 893 φίλος
1544 831 1565 860 g
1581 823 1630 875 δὲ
1656 825 1753 893 φή·
1769 833 1851 889 685

241 928 333 959 σας
361 904 379 939 ¹¹
395 903 508 956 εἶναι
534 905 870 971 μετεβέβλητο,
889 906 992 974 τάχ’
1021 905 1080 958 ἂν
1098 906 1108 933 ³
1125 907 1273 959 ταῦτά
1295 930 1364 962 τις
1382 907 1562 971 ἤκουεν·
1603 907 1757 972 ἐπειδὴ

242 989 281 1039 δ’
310 989 363 1039 οὐ
388 987 627 1040 1(τοιοῦτόν
652 991 798 1053 ἐστιν,
820 991 932 1041 ἀλλ’
960 990 1018 1060 ἐξ
1040 991 1093 1042 οὗ
1113 992 1256 1060 φίλος
1282 989 1395 1042 εἶναι
1419 996 1757 1058 προσποιεῖται,
1952 959 1954 1058 4

241 1073 292 1122 ἐκ
314 1070 483 1123 τούτου
508 1077 717 1123 πλεῖστα
741 1071 880 1137 1ὑμᾶς
905 1073 1210 1142 ἐξηπάτηκεν,
1238 1078 1276 1125 εἰ
1300 1074 1365 1139 μὴ
1384 1076 1502 1125 muca}
1527 1075 1581 1126 δι’
1611 1075 1759 1126 ἐκεῖνα

241 1161 442 1219 “μισεῖν,
471 1162 489 1183 ⁰
506 1155 582 1207 διά
605 1179 661 1223 γε
685 1159 812 1208 ταῦτ’
840 1159 1057 1209 ἀπιστεῖν
1091 1157 1242 1223 δήπου
1276 1156 1521 1225 προσήκει.
1563 1160 1639 1209 καὶ
1662 1157 1784 1223 μὴν5

241 1243 371 1307 Ρπερὶ
396 1247 480 1292 τοῦ
505 1248 585 1308 (Ῑγε
610 1241 676 1306 μὴ
699 1247 1006 1307 μνησικακεῖν
1031 1243 1178 1309 ε”γωγε
1204 1244 1292 1294 ὡδί
1311 1266 1412 1297 πως
1437 1242 1581 1309 λέγω·
1622 1243 1648 1293 ὃ
1672 1243 1758 1307 μὲν

241 1324 398 1375 ι’ἕνεκα
422 1331 506 1376 τοῦ
533 1332 548 1353 ⁸
566 1323 709 1376 κακόν
732 1348 778 1376 τι
806 1331 955 1378 ποιεῖν
980 1325 1041 1377 τὰ
1065 1327 1237 1378 τοιαῦτ’
1266 1325 1493 1396 ἐξετάζων
1517 1350 1753 1391 μνησικα-

241 1413 321 1472 κεῖ,
349 1410 374 1460 ὁ
405 1411 442 1461 δ’
472 1408 588 1476 ὑπὲρ
623 1414 706 1461 τοῦ
738 1408 804 1475 μὴ
839 1414 1017 1474 παθεῖν,
1044 1410 1175 1462 ἀλλὰ
1215 1409 1529 1480 φυλάξασθαι
1561 1415 1757 1463 σκοπῶν

241 1491 515 1562 ισωφρονεῖ.

147 1602 223 1644 23¹
306 1576 456 1631 Ἴσως
493 1578 647 1629 τοίνυν
686 1580 760 1630 καὶ
801 1579 1019 1643 τοιαύτην
1059 1583 1146 1630 τιν’
1186 1581 1373 1645 ἐροῦσιν
1416 1576 1649 1641 ὑπόνοιαν,
1690 1581 1753 1633 ὡς
1769 1602 1807 1626 10

243 1659 493 1727 ὡρμηκότα
518 1667 600 1711 νῦν
619 1659 702 1712 τὸν
721 1661 971 1729 ἄνθρωπον
990 1663 1135 1732 φίλον
1156 1660 1270 1713 εἶναι
1295 1664 1369 1713 καὶ
1394 1660 1687 1727 βουλόμενόν
1712 1685 1757 1714 τι

241 1748 390 1795 ποιεῖν
416 1743 597 1810 ἀγαθὸν
630 1744 716 1808 τὴν
743 1743 888 1796 πόλιν
922 1749 984 1800 εἷς
1019 1747 1220 1810 ἀθυμίαν
1256 1745 1508 1815 τρέψομεν,
1535 1749 1573 1796 εἱ
1605 1768 1750 1797 κατα-

240 1828 562 1897 ψηφιούμεθα,
601 1830 677 1879 καὶ
714 1829 978 1894 ποιήσομεν
1011 1829 1231 1885 ὑπόπτως
1265 1837 1286 1857 ¹²
1302 1830 1422 1898 ἔχειν
1458 1828 1576 1896 πρὸς
1616 1830 1750 1894 ἡμᾶς.

145 1909 332 1977 232ἐγώ
371 1913 424 1974 δ’,
464 1909 500 1961 ὦ
541 1912 704 1979 ἄνδρες
743 1913 1000 1978 Ἀθηναῖοι,
1044 1913 1278 1965 θεάσασθ’
1316 1917 1377 1968 ὡς
1420 1914 1525 1981 ἔχω.
1582 1917 1619 1964 εἰ
1652 1918 1753 1977 μετ’

241 1996 462 2060 ἀληθείας
498 1996 665 2050 ἁπλῶς
702 1995 788 2061 Χῆν
825 1997 935 2061 ἡμῖν
968 1998 1110 2067 φίλος
1145 2000 1221 2049 καὶ
1259 1997 1313 2062 νὴ
1340 1999 1435 2048 Διά
1467 1996 1625 2049 πάντα
1663 1999 1750 2048 τά-
1768 2016 1804 2049 15

241 2078 369 2144 γαθά
406 2078 616 2143 ἤμελλεν
647 2081 793 2144 Ῡήμᾶς
830 2080 1059 2147 ποιήσειν,
1086 2083 1178 2133 οὐδ’
1207 2080 1262 2132 ἂν
1288 2084 1434 2136 οὕτως
1458 2081 1624 2151 Ζῷμην
1662 2086 1756 2133 δεῖν

241 2168 408 2214 τοῦτον
433 2163 614 2215 ἀκούειν
638 2163 721 2216 τὸν
747 2164 911 2231 λόγον·
956 2165 1118 2217 οὐδένα
1138 2165 1232 2232 γὰρ
1258 2172 1277 2192 ⁸
1292 2165 1348 2217 ἂν
1374 2167 1542 2231 νομίζω
1562 2167 1753 2218 τοσαῦτ’

295 2342 314 2362 Β
342 2339 403 2372 τοῦ
423 2338 558 2374 δέοντος
576 2339 735 2386 ποιῆσαι]
769 2341 910 2384 ποιῆσαι
938 2343 999 2374 τοῦ
1028 2341 1163 2376 δέοντος
1186 2340 1259 2375 F.v.
1414 2337 1433 2364 b
1463 2339 1572 2386 ὑμῶν]
1604 2339 1698 2384 ἡμῶν
1718 2341 1753 2375 k.

242 2400 318 2468 ὑμῖν
339 2424 382 2459 0.
504 2430 520 2450 c
540 2425 658 2470 ἐροῦσι
681 2437 750 2461 om.
771 2427 880 2461 ΑΜ.
1005 2423 1025 2452 d
1043 2424 1069 2461 «3
1087 2439 1157 2462 om.
1174 2427 1257 2462 so,
1380 2432 1396 2451 e
1416 2425 1570 2472 ἐξέσται]
1593 2426 1692 2460 ἔσται
1710 2427 1752 2461 A.

241 2489 333 2512 r.s.v.
417 2475 433 2502 f
449 2476 511 2524 ὢν]
536 2478 736 2524 Legebatur
757 2478 801 2513 ὢν
821 2479 1022 2526 Χαρίδημος.
1052 2480 1242 2526 Χαρίδημος
1261 2491 1330 2515 om.
1352 2480 1526 2516 F.S.Y.O.
1547 2485 1628 2527 post
1648 2479 1753 2514 ἐποίει

240 2531 342 2577 ponit
360 2543 392 2565 v.
502 2537 523 2565 g
544 2531 674 2566 δέ-οῧ
695 2534 799 2578 φίλος
819 2546 888 2568 om.
910 2546 938 2569 S.
1049 2531 1069 2558 h
1089 2531 1171 2568 εἶναι
1190 2547 1260 2568 om.
1283 2533 1411 2569 S.Y.O.
1523 2531 1531 2558 ἰ
1555 2535 1660 2567 ταῦτά
1680 2545 1751 2569 om.

241 2585 356 2619 A.k.r.
378 2590 457 2630 post
476 2599 527 2620 τις
545 2586 645 2630 ponit
664 2599 693 2621 r.
815 2584 835 2612 k
855 2586 1025 2633 τοιοῦτόν]
1049 2586 1172 2621 τοιοῦτ’
1195 2587 1325 2623 S.Y.O.
1436 2584 1444 2608 ¹
1472 2587 1573 2633 ὑμᾶς]
1598 2587 1651 2620 καὶ
1670 2586 1754 2630 ὑμᾶς

243 2638 374 2672 S.Y.O.
504 2643 534 2662 ¹¹¹
554 2640 606 2672 καὶ
626 2651 695 2674 om.
717 2640 862 2675 A.k.r.s.
1001 2647 1021 2665 ¹¹
1040 2641 1170 2688 μισεῖν]
1196 2642 1248 2675 δεῖ
1264 2642 1377 2685 μισεῖν
1395 2641 1470 2675 F.v.
1602 2644 1620 2664 ⁰
1640 2639 1695 2673 διά
1713 2655 1754 2686 γε

241 2691 355 2737 ταῦτ’]
380 2690 422 2725 δι’
441 2689 502 2737 ἆγε
521 2691 586 2736 (sic
603 2693 707 2727 etiam
725 2694 777 2737 S.)
794 2695 900 2728 ταῦτα
919 2695 954 2728 k.
984 2694 1039 2728 διὰ
1058 2696 1164 2728 ταῦτά
1181 2710 1221 2741 γε
1242 2695 1317 2729 F.v.
1392 2700 1412 2728 P
1431 2693 1525 2740 περὶ]
1548 2693 1601 2728 καὶ
1619 2693 1696 2738 περὶ
1712 2694 1751 2727 F.

243 2752 261 2780 <³
281 2759 321 2790 γε
340 2745 498 2779 additum
518 2756 561 2779 ex
583 2745 712 2781 S.Y.O.
744 2747 847 2781 Conf.
865 2760 899 2793 p.
916 2758 1006 2795 490,
1029 2758 1064 2793 3.
1198 2754 1213 2772 r
1231 2747 1325 2782 ἕνεκα
1344 2747 1629 2782 A.S.Y.O.k.r.s.
1662 2746 1752 2780 Scri-

241 2798 389 2833 bebatur
408 2797 526 2833 εἴνεκα.
639 2803 654 2823 ⁵
674 2802 772 2834 κακόν
791 2800 839 2846 τι]
861 2815 893 2834 τι
913 2802 1011 2835 κακὸν
1025 2801 1248 2836 A.F.k.r.s.v.
1358 2799 1373 2826 f·
1392 2800 1584 2846 σωφρονεῖ]
1608 2802 1751 2845 σωφρο-

242 2853 310 2885 νεῖν
330 2852 375 2887 O.
532 2856 554 2876 υ·
572 2852 662 2897 ἔχειν
682 2854 767 2899 πρὸς
786 2853 887 2900 ἡμᾶς]
911 2855 1002 2899 ἔχειν
1019 2855 1104 2900 πρὸς
1127 2855 1209 2899 ὑμᾶς
1228 2855 1331 2890 A.r.s.
1359 2855 1444 2900 πρὸς
1465 2854 1548 2898 ἡμᾶς
1566 2855 1656 2898 ἔχειν
1677 2853 1752 2888 ΡΝ.

242 2911 258 2926 x
279 2903 318 2948 ἧν
336 2905 414 2950 ἡμῖν
432 2902 557 2952 φίλος]
582 2904 622 2948 ἦν
641 2906 718 2951 ὑμῖν
737 2908 842 2952 φίλος
862 2908 933 2942 Am.
973 2908 1051 2952 ἡμῖν
1070 2906 1110 2951 ἦν
1128 2906 1236 2953 φίλος
1254 2920 1285 2942 v.
1441 2913 1460 2940 Y
1489 2907 1591 2953 ἡμᾶς]
1620 2905 1704 2949 ὑμᾶς
1721 2918 1750 2941 r.

243 2963 259 2982 Ζ
289 2957 381 3004 ᾤμην
399 2959 469 2993 δεῖν
488 2959 625 3005 τοῦτον]
658 2962 780 2994 τοῦτον
799 2959 891 3007 ᾤμην
910 2962 979 2995 δεῖν
1000 2962 1076 2995 F.v.
1233 2967 1251 2986 ἃ
1279 2959 1320 2995 ἂν
1347 2972 1416 2995 om.
1433 2961 1472 2995 F.
1503 2966 1583 2995 ante
1611 2961 1752 3003 ποιῆσαι

241 3017 342 3055 pomt
361 3024 392 3045 v.
