1954 3273
241 159 327 199 528
786 163 1212 202 ΔΗΜΟΣΘΕΝΟὙΣ
1385 163 1468 202 On.
1488 162 1601 202 XX.
1622 174 1663 216 p.
1677 172 1777 215 500,
1793 176 1891 200 20—

974 272 1117 324 babrb
1143 277 1213 325 δεῖ
1228 279 1352 325 οσῶν
1372 272 1485 325 εἶναι
1506 277 1581 324 καὶ
1607 273 1767 338 ὅμοιον
1779 297 1821 318 20

252 273 437 326 πόλεως
457 273 735 341 ἀξιώματος,
755 272 954 340 πότερον

253 360 319 425 τῷ
343 357 568 426 προτέρω,
598 355 625 421 ἢ
653 356 669 383 ‘³
676 356 962 420 μεθεστάναι
988 359 1063 407 καὶ
1089 356 1395 420 λελυμάνθαι.

162 454 240 497 159
329 438 507 490 Πολλὰ
533 439 581 490 δὲ
609 439 856 506 θαυμάζων
883 441 1116 490 Λεπτίνου
1151 439 1270 490 κατὰ
1296 439 1402 490 ετὸν
1428 439 1572 504 νόμον
1598 440 1646 491 ἓν
1671 440 1766 504 μά-

983 522 998 549 f

253 528 402 573 λιστα
438 523 708 587 τεθαύμακα
745 523 950 586 πάντων,
1004 528 1042 574 εἰ
1079 525 1204 574 ἐκεῖν’
1235 524 1475 589 ἠγνόηκεν,
1501 524 1572 575 ὅτι
1605 522 1769 591 ὥσπερ

253 606 323 669 ἂν,
357 607 400 658 εἴ
425 630 495 661 τις
531 607 746 673 μεγάλας
783 606 896 660 ἕτάς
935 607 1158 672 τιμωρίας
1197 611 1290 657 τῶν
1327 606 1626 671 ἀδικημάτων
1659 606 1768 658 τάτ-
1781 625 1820 655 25

979 695 998 704 Α
1059 689 1077 717 h

253 714 338 753 τοι,
377 692 461 741 οὐκ
496 690 554 741 ἂν
588 689 726 744 αὐτός
762 690 809 756 γ’
849 692 1021 741 ἀδικειν
1084 689 1471 757 παρεσκευάσθαι
1505 691 1652 758 δόξαι,
1692 691 1769 740 οὕ-

253 797 356 836 τως,
399 775 457 825 ἅν
500 797 568 828 τις
613 777 779 843 ἀναιρῇ
820 773 903 828 τὰς
943 773 1079 837 τιμὰς
1123 779 1218 825 τῶν
1260 776 1566 841 ἱεύεργεσιῶν,
1609 774 1771 826 κούδὲν

163 865 242 904 160
255 857 393 912 αὐτὸς
430 863 576 909 ποιεῖν
607 857 788 924 ἀγαθὸν
822 857 1208 925 παρεσκευάσθαι
1249 857 1390 927 δόξει.
1430 862 1467 909 εἰ
1498 858 1582 922 μὲν
1617 860 1772 909 τοίνυν

253 940 460 1007 ἠγνόησε
499 948 645 993 ταῦτα
674 941 873 1008 (γένοιτο
899 941 992 1008 γὰρ
1018 941 1074 992 ἂν
1106 943 1181 992 καὶ
1206 948 1381 1010 τοῦτο),
1410 943 1574 993 αὐτίκα
1608 943 1764 1007 δηλώ-

252 1045 343 1076 σει·
386 1025 753 1092 συγχωρήσεται
779 1024 873 1092 γὰρ
901 1027 1006 1089 ὑμῖν
1040 1032 1188 1077 λῦσαι
1220 1029 1326 1092 περὶ
1351 1025 1415 1077 ὧν
1441 1026 1579 1079 αὐτὸς
1613 1027 1765 1094 ἥμαρ·
1780 1040 1860 1082 501

252 1133 343 1161 τεν.
394 1114 431 1161 εἰ
471 1109 519 1161 δὲ
557 1109 822 1178 φανήσεται
859 1108 1141 1175 σπουδάζων
1185 1113 1260 1161 καὶ
1299 1109 1650 1174 1διατεινόμενος
1691 1110 1769 1161 κύ-

252 1217 353 1261 ριον
379 1198 564 1245 ῐηποιεῖν
598 1193 681 1244 τὸν
704 1192 862 1257 νόμον,
888 1193 980 1259 ἐγὼ
1016 1194 1100 1257 μὲν
1138 1195 1220 1244 οὐκ
1259 1194 1351 1261 ε”χω
1385 1199 1485 1247 πῶς
1522 1195 1767 1257 ἐπαινέσω,

161 1290 235 1329 161
252 1279 418 1347 ψέγειν
462 1279 501 1329 δ’
542 1279 595 1328 οὐ
641 1277 891 1340 βούλομαι.
933 1277 1077 1342 μηδὲν
1118 1279 1199 1328 οὖν
1242 1279 1506 1345 φιλονείκει,
1545 1279 1796 1343 Λεπτίνη,5

251 1362 368 1427 μηδὲ
398 1361 560 1428 βιάζου
595 1367 846 1423 “τοιοῦτον,
879 1363 966 1412 0δί
997 1362 1050 1412 οὗ
1087 1360 1191 1425 μήτ’
1221 1361 1358 1414 αὐτὸς
1397 1361 1578 1430 Ι’δόξεις
1617 1367 1763 1423 Ἷβελ-

253 1447 364 1498 τίων
398 1445 512 1497 εἶναι
547 1445 654 1510 μήθ’
685 1449 726 1496 οὶ
759 1446 1031 1499 πεισθέντες
1056 1468 1149 1507 σοι,
1177 1445 1340 1498 ἄλλως
1378 1468 1428 1495 τε
1466 1447 1541 1496 καὶ
1572 1468 1766 1511 γεγενη-

251 1531 393 1595 μένου
420 1554 499 1581 σοι
534 1536 616 1581 τοῦ
643 1532 824 1595 ἀγῶνος
858 1529 1115 1580 ἀκινδύνου.
1161 1528 1236 1580 διὰ
1262 1528 1355 1595 γὰρ
1390 1528 1444 1580 τὸ
1471 1533 1770 1594 Γτελευτῆσαι

255 1615 507 1666 Βάθιππον
539 1613 642 1665 8τὸν
675 1613 882 1665 ἴτουτουὶ
915 1614 1095 1680 πατέρα
1128 1615 1484 1682 ι1Ἀψηφίωνος,
1511 1613 1561 1667 ὃς
1600 1613 1771 1665 Χαύτὸν

253 1700 317 1749 ἔτ’
338 1699 451 1750 ὄντα
478 1699 734 1750 ὑπεύθυνον
752 1697 1014 1767 ἐγράψατο,
1035 1698 1239 1766 ἐξῆλθον
1260 1702 1327 1748 ἴοι
1348 1698 1521 1765 χρόνοι,
1541 1700 1616 1748 καὶ
1641 1700 1766 1749 Ζνυνὶ
1783 1721 1822 1742 ¹0

253 1785 356 1850 περὶ
383 1785 525 1834 αὐτοῦ
558 1789 641 1833 τοῦ
677 1782 821 1846 νόμου
858 1787 951 1835 πᾶς
989 1784 1116 1832 ἐστὶν
1147 1784 1171 1831 ὁ
1199 1781 1357 1846 λόγος,
1386 1781 1562 1850 3τούτῳ
1602 1781 1666 1832 ἱ’δ’
1691 1783 1790 1832 013--

254 1868 345 1920 δείς
370 1869 472 1917 ἐστι
499 1866 719 1918 κίνδυνος.

162 1956 239 1996 162
330 1951 497 2001 Καίτοι
536 1952 611 2000 καὶ
649 1954 774 2000 τοῦτ’
811 1949 964 1999 ἀκούω
1005 1970 1063 1998 σε
1105 1948 1274 2012 λέγειν,
1310 1951 1373 2001 ὡς
1403 1949 1494 2014 ἄρα
1532 1954 1674 2014 στρεῖς
1711 1949 1774 1999 σέ

253 2058 371 2088 τινες
406 2033 706 2102 γραψάμενοι
743 2033 961 2099 πρότεροι
999 2035 1131 2083 τοῦδε
1170 2032 1252 2081 οὐκ
1291 2031 1566 2099 ἐπεξῆλθον.
1611 2036 1647 2082 εἰ
1685 2032 1770 2095 μὲν

308 2191 324 2213 ¹³
345 2192 444 2237 αὐτὸ]
469 2192 572 2225 αὐτὸν
591 2203 618 2225 r.
704 2196 719 2214 (⁸
741 2189 828 2235 σῶν]
853 2192 958 2222 σῶιον
978 2189 1093 2231 (litera
1113 2204 1122 2222 ι
1143 2202 1163 2222 a
1182 2195 1376 2223 correctore
1397 2189 1432 2222 in
1452 2190 1556 2224 litura
1575 2190 1705 2236 posita)
1724 2191 1766 2224 Α.

255 2249 347 2279 σῶον
366 2258 392 2280 S.
516 2241 534 2268 (Ῑ
554 2243 774 2288 μεθεστάναι]
799 2243 998 2286 μεθιστάναι
1017 2248 1075 2276 r.t.
1205 2247 1220 2266 e
1241 2243 1299 2275 τὸν
1319 2254 1387 2276 om.
1409 2244 1483 2276 As.
1613 2241 1628 2267 f
1645 2243 1689 2289 εἷ]
1715 2244 1767 2277 καὶ

254 2300 283 2333 εἷ
303 2311 330 2333 r.
478 2304 498 2331 g
519 2299 577 2332 τὰς
596 2309 666 2331 om.
687 2297 769 2331 A.k.
913 2293 932 2319 ¹¹
953 2295 1246 2341 παρεσκευάσθαι]
1271 2296 1549 2340 παρασκευάσθαι
1571 2296 1605 2330 S.
1627 2302 1666 2330 ut
1686 2297 1768 2331 alibi

253 2353 394 2398 passim.
551 2348 559 2374 i
589 2349 806 2395 εὐεργεσιῶν]
831 2349 1014 2394 εὐεργετῶν
1035 2349 1136 2383 F.t.v.
1291 2345 1311 2372 k
1332 2350 1446 2396 οὐδέν]
1471 2350 1568 2383 οὐδὲν
1588 2348 1627 2384 ἂν
1648 2351 1764 2385 A.F.s.

253 2402 262 2429 ¹
284 2403 544 2449 διατεινόμενος]
575 2403 904 2449 ὑπερδιατεινόμενος
926 2403 1029 2436 F.t.v.
1050 2414 1119 2448 qno
1139 2402 1244 2436 verbo
1264 2402 1374 2436 utitur
1396 2403 1766 2438 Pseudo-Demosthe-

252 2471 315 2493 nes
334 2471 368 2504 p.
395 2466 481 2504 770,
500 2469 534 2503 4.
637 2463 666 2481 m
687 2458 795 2490 ποιεῖν
817 2455 946 2489 S.Y.O.
977 2455 1176 2501 Legebatur
1195 2457 1348 2498 ποιῆσαι.
1453 2462 1472 2480 ¹1
1492 2456 1664 2503 τοιοῦτον]
1689 2459 1766 2491 τοῦ-

251 2526 312 2545 τον
330 2518 357 2545 t.
468 2517 486 2536 0
505 2513 662 2544 τοιοῦτον
681 2509 723 2543 δι’
747 2510 876 2543 S.Y.O.
897 2511 1051 2542 τοιοῦτον
1070 2509 1173 2552 μηδὲν
1192 2508 1233 2542 δι’
1255 2509 1348 2554 vulg.
1474 2515 1494 2542 Ρ
1517 2509 1643 2554 δόξεις]
1667 2511 1767 2555 δόξης

251 2566 392 2599 A.k.s.t.
514 2570 532 2597 (1
552 2564 699 2604 βελτίων
719 2559 818 2608 εἶναι]
843 2559 925 2596 εἶναι
943 2562 1091 2603 βελτίων
1112 2562 1218 2597 F.t.v.
1335 2567 1350 2586 Γ
1368 2563 1588 2610 τελευτῆσαι]
1613 2566 1767 2597 τετελευ-

251 2619 384 2662 τηκέναι
403 2619 513 2652 A.k.s.
650 2622 664 2641 S
685 2617 745 2649 τὸν
765 2628 870 2661 supra
889 2628 1026 2649 versum
1048 2616 1152 2649 habet
1173 2617 1213 2649 A.
1342 2614 1356 2640 t
1376 2614 1528 2660 τουτουῒ]
1553 2615 1675 2650 τούτου
1697 2617 1766 2651 S.r.

253 2678 272 2696 ¹¹
302 2670 545 2717 Ἀψηφῖωνος]
569 2670 770 2715 ἀψεφίωνος
790 2670 1011 2703 A.S.k.S.t.V.
1050 2668 1252 2714 ἁψεφίωνος
1273 2668 1315 2702 Ο.
1360 2669 1561 2713 ἀψεφιῶνος
1581 2682 1609 2704 r.
1656 2670 1767 2716 Lege-

251 2725 353 2759 batur
371 2724 602 2770 Ἀφεψίωνος.
632 2723 725 2757 Vera
741 2735 845 2768 qnam
865 2722 1001 2756 restitui
1022 2723 1174 2756 nominis
1193 2722 1364 2767 scriptura
1378 2722 1602 2768 Ἀψηφίωνος
1619 2729 1692 2757 est:
1725 2724 1767 2757 de

251 2790 320 2823 qna
340 2778 428 2812 dixit
448 2777 640 2812 Boeckhius
656 2777 691 2810 in
713 2776 818 2821 Corp.
845 2776 951 2809 Inscr.
973 2776 1041 2810 vol.
1066 2786 1099 2809 2.
1121 2788 1154 2821 p.
1178 2785 1267 2822 340.
1291 2776 1324 2809 in
1347 2777 1574 2811 annotatione
1603 2777 1647 2810 ad
1675 2789 1766 2811 mar-

250 2843 327 2865 mor
349 2832 500 2872 Parium,
523 2832 556 2865 in
578 2842 648 2876 quo
666 2829 881 2874 ’Λψηφίονος
902 2829 1070 2874 scriptum
1091 2835 1156 2862 est.
1260 2835 1278 2853 Χ
1299 2829 1418 2875 αὐτὸν]
1443 2830 1543 2865 αὐτὸς
1562 2836 1586 2863 t.
1698 2836 1716 2863 y
1734 2831 1766 2863 οἱ

249 2885 385 2931 χρόνοι]
411 2886 442 2919 οἱ
461 2886 521 2928 τῆς
542 2883 680 2930 κρίσεως
701 2884 818 2929 χρόνοι
840 2883 943 2917 F.t.V.
1092 2887 1107 2906 Ζ
1139 2881 1225 2928 νυνὶ]
1255 2885 1312 2916 νῦν
1335 2884 1436 2917 F.t.v.
1587 2889 1605 2908 ¹¹
1632 2882 1760 2930 τούτῳ]

250 2948 373 3005 rosta-g:
395 2972 433 3005 F.
465 2971 589 3006 τούτου
608 2985 662 3017 γρ.
687 2971 721 3004 S.
833 2966 852 2994 b
873 2968 900 3003 δ’
921 2981 989 3003 om.
1010 2970 1046 3003 F.
1159 2976 1174 2994 ⁰
1194 2969 1301 3016 τρεῖς]
1326 2970 1398 3015 τρίς
1418 2970 1527 3003 A.k.3.
