1954 3273
271 133 356 174 588
829 136 1256 175 ΔΗΜΟΣΘΕΝΟΥΣ
1373 134 1455 173 OR.
1479 133 1682 188 XXI..p.
1697 133 1796 187 558,
1815 148 1910 175 13—-

271 252 299 274 “
326 247 454 309 ὑμῶν
494 245 571 309 ἐμὲ
621 248 750 297 ταῦθ’
798 254 816 273 ⁰
835 245 995 312 ἑόρακε
1044 251 1302 307 ποιοῦντα;
1350 246 1432 295 οὐκ
1482 245 1625 307 ἔστιν,
1668 246 1779 296 ἀλλ’

270 335 298 358 “
324 330 451 380 οὗτοι
513 331 567 380 δι’
620 330 793 396 ἔχθραν
852 328 1266 397 Ρκαταψεύδονταί
1323 350 1428 391 μου,
1489 332 1783 396 καταψευδο-

270 419 297 441 “
321 414 681 478 μαρτυροῦμαι,”
722 412 782 462 τὰ
818 417 1021 462 τοιαῦτα·
1061 411 1211 480 τούτῳ
1247 412 1285 460 δ’
1319 411 1377 460 αὖ
1410 411 1632 461 τάναντία
1667 411 1774 462 τού·
1798 437 1832 470 ¹5

175 524 252 566 177
268 518 378 546 των.
439 496 619 549 πάντας
668 495 762 561 γὰρ
812 497 955 558 Ἷὺμᾶς
1006 496 1169 545 εἰδέναι
1221 496 1388 561 νομίζω
1439 494 1520 545 τὸν
1572 494 1780 561 Γτρόπον

267 581 369 630 8καὶ
408 578 493 642 τὴν
527 579 782 644 ἀσέλγειαν
817 581 892 629 καὶ
928 577 1014 641 τὴν
1048 580 1367 646 ὑπερηφανίαν
1403 579 1507 629 ιτοῦ
1543 579 1664 641 βίου,
1704 582 1781 630 καὶ

264 662 416 714 πάλαι
454 663 701 730 θαυμάζειν
726 665 871 716 ἐνίους
910 663 1093 725 ι1οἰόμαι
1118 661 1183 713 ὧν
1209 664 1338 712 αὐτοὶ
1372 661 1458 725 μὲν
1491 662 1671 725 ἴσασιν,
1696 664 1779 714 οὐκ

264 746 495 811 ἀκηκόασι
520 747 567 798 δὲ
605 754 686 798 νῦν
721 750 844 809 ἐμοῦ.
879 744 1091 800 πολλοὺς
1124 746 1172 796 δὲ
1206 751 1300 796 τῶν
1331 745 1634 797 πεπονθότων
1673 746 1776 797 οὐδὲ
1790 778 1831 800 20

262 830 400 882 πάνθ’
435 831 529 882 ὅσα
564 832 802 895 ἠδίκηνται
839 835 1089 896 μαρτυρεῖν
1123 829 1368 882 ἐθέλοντας
1405 830 1512 895 ὁρῶ,
1548 828 1632 892 τὴν
1665 830 1777 889 βίαν

261 917 337 964 καὶ
370 914 456 978 τὴν
490 914 952 982 φιλοπραγμοσύνην
988 915 1223 979 Χὸρῶντας
1261 912 1346 976 τὴν
1379 911 1546 963 τούτου
1581 915 1656 962 καὶ
1691 911 1776 976 τὴν

260 997 494 1067 ἀφορμὴν,
522 999 640 1063 ἥπερ
675 997 871 1065 ἰσχυρὸν
901 1005 918 1033 y
938 1003 1064 1048 ποιεῖ
1091 999 1167 1047 καὶ
1193 995 1400 1065 φοβερὸν
1426 994 1508 1046 τὸν
1534 995 1770 1047 κατάπτυ-

167 1101 244 1154 178
259 1104 378 1132 στον
423 1084 648 1132 Ζτουτονί.
698 1081 752 1132 τὸ
789 1081 882 1147 γὰρ
921 1083 988 1132 ἐπ’
1029 1080 1246 1150 ἐξουσίας
1287 1082 1361 1130 καὶ
1402 1079 1611 1131 πλούτου
1649 1087 1765 1130 ειπο-

258 1163 399 1230 νηρὸν
425 1162 539 1215 εἶναι
573 1167 649 1214 καὶ
681 1163 912 1230 ὑβριστὴν
943 1162 1093 1231 τεῖχός
1131 1165 1233 1213 ἐστι
1268 1162 1387 1228 πρὸς
1423 1162 1476 1212 τὸ
1510 1160 1654 1225 μηδὲν
1680 1158 1770 1211 ὃᾶν
1784 1185 1821 1218 25

256 1246 397 1298 αὐτὸν
442 1248 498 1316 ἐξ
540 1249 790 1313 ἐπιδρομῆς
829 1252 1007 1309 παθεῖν,
1048 1248 1144 1297 ἐπεὶ
1187 1248 1488 1311 περιαιρεθεὶς
1531 1245 1665 1297 οὗτος
1709 1243 1770 1294 τὰ

254 1329 368 1380 ὄντα
407 1331 522 1383 ἰ’σως
555 1329 640 1393 μὲν
666 1331 749 1380 οὐκ
785 1328 842 1379 ἂν
876 1329 1065 1395 ὑβρίζοι,
1092 1332 1129 1378 εἰ
1166 1331 1206 1378 δ’
1236 1327 1340 1394 ἄρα,
1366 1326 1615 1380 ἐλάττονος
1637 1325 1770 1394 ἄξιος·

253 1414 388 1464 ἔσται
413 1419 496 1464 τοῦ
521 1413 801 1480 μικροτάτου
839 1415 946 1479 παρ’
976 1415 1097 1476 ὑμῖν·
1141 1411 1293 1475 μάτην
1319 1410 1412 1477 γὰρ
1438 1409 1767 1476 λοιδορήσεται

252 1500 328 1548 καὶ
352 1497 594 1562 βοήσεται,
621 1498 751 1562 δίκην
778 1499 832 1560 δ’,
859 1495 915 1548 ἂν
941 1497 1201 1562 ἀσελγαίνῃ
1235 1518 1292 1557 τι,
1319 1500 1414 1549 τοῖς
1441 1494 1610 1548 ἄλλοις
1635 1494 1765 1557 οἡμῖν
1777 1501 1862 1554 560

158 1604 236 1649 179
251 1581 308 1649 ἐξ
337 1580 444 1631 ’ίσου
482 1581 638 1632 δώσει.
684 1587 765 1632 νῦν
800 1583 853 1643 δ’,
880 1579 1019 1643 οἶμαι,
1045 1579 1212 1630 τούτου
1240 1577 1595 1645 ἀπροβέβληται
1629 1582 1761 1629 “Ho-

250 1664 485 1727 λύευκτος,
527 1664 839 1731 Τιμοκράτης,
885 1660 1145 1726 Εὐκτήμων
1190 1665 1215 1713 ὁ
1261 1662 1513 1729 κονιορτός·
1566 1663 1770 1713 τοιοῦτοί

1467 1745 1633 1812 Ῐ”ἕτεροι
1657 1747 1764 1796 τού-

248 1748 367 1801 τινε’ς
392 1752 484 1798 εἱσι
509 1747 797 1816 μισθοφόροι
823 1750 928 1813 περὶ
954 1746 1109 1809 αὐτὸν,
1130 1749 1206 1797 καὶ
1232 1746 1348 1813 πρὸς
1376 1748 1442 1798 ε”τι

247 1853 357 1893 τοις,
395 1831 644 1898 μαρτύρων
687 1836 977 1882 συνεστῶσα
1020 1832 1261 1896 ἕὲταιρεία,
1304 1835 1517 1898 φανερῶς
1554 1829 1640 1893 μὲν
1678 1831 1792 1888 οὐκ5

245 1915 566 1981 ἐνοχλούντων
593 1916 612 1943 ¹¹
630 1917 748 1979 ὑμῖν,
776 1918 893 1982 σιγῇ
929 1914 977 1965 δὲ
1001 1913 1060 1965 τὰ
1085 1916 1239 1982 ψευδῆ
1276 1915 1412 1982 ῥᾷστ’
1441 1912 1757 1965 ἐπινευόντων.

245 1996 324 2051 οὓς
349 1997 417 2061 μὰ
441 1997 548 2052 τοὺς
583 1998 713 2052 θεοὺς
739 1998 870 2048 οὐδὲν
896 2000 1185 2065 ὠφελεῖσθαι
1225 1997 1392 2063 νομίζω
1416 1996 1547 2062 παρὰ
1572 1996 1757 2047 τούτου·

244 2080 375 2130 ἀλλὰ
414 2082 556 2131 δεινοί
586 2081 705 2134 τινές
743 2084 875 2141 εἰσιν,
915 2078 951 2129 ὦ
985 2077 1149 2142 ἄνδρες
1183 2079 1438 2142 Ἀθηναῖοι,
1480 2079 1756 2145 φθείρεσθαι

150 2178 231 2218 180
243 2160 360 2227 πρὸς
395 2161 501 2215 τοὺς
532 2163 793 2214 πλουσίους
831 2163 906 2212 καὶ
941 2165 1154 2226 παρεῖναι
1187 2162 1262 2210 καὶ
1296 2165 1559 2226 μαρτυρεῖν.
1597 2159 1754 2210 πάντα
1771 2186 1809 2208 10

242 2243 291 2295 δὲ
329 2249 473 2306 ταῦτ’,
501 2243 640 2307 οἶμαι,
680 2243 865 2312 φοβερά
897 2245 999 2293 ἐστι
1033 2247 1127 2292 τῶν
1168 2243 1335 2293 ἄλλων
1370 2245 1498 2306 ὑμῶν
1532 2242 1750 2312 ἰὲκάστερ,

241 2328 343 2378 καθ’
371 2326 534 2378 ἑαυτὸν
561 2328 685 2381 ὅπως
723 2327 912 2378 δύναται
938 2326 1084 2392 ζῶντι.
1125 2326 1268 2393 οὗπερ
1295 2327 1426 2377 ἕνεκα
1451 2327 1752 2391 συλλέγεσθε

293 2457 312 2476 0
332 2453 446 2496 ἑόρακε
467 2451 511 2485 Ο.
543 2452 765 2485 Scribebatur
785 2451 917 2495 ἑώρακε.
1056 2459 1073 2486 Ρ
1093 2450 1367 2496 καταψεύδονταί
1383 2450 1468 2495 μου]
1492 2453 1545 2485 καὶ
1564 2450 1754 2496 ψεύδονταί

237 2519 303 2548 μου
324 2506 376 2538 καὶ
396 2517 422 2538 s.
567 2513 584 2540 (Ι
609 2505 691 2548 ὑμᾶς
711 2505 849 2550 εἰδέναι]
874 2503 995 2538 εἰδέναι
1016 2503 1099 2547 ὑμᾶς
1117 2506 1230 2539 A.k.r.
1370 2510 1385 2529 Γ
1403 2507 1530 2549 τρόπον
1549 2504 1749 2539 A.P.S.k.r.

239 2558 439 2603 Legebatur
456 2558 582 2602 τρόπον
601 2559 660 2591 τὸν
678 2557 816 2591 τούτου.
928 2564 941 2582 S
962 2557 1014 2590 καὶ
1033 2558 1094 2600 τὴν
1111 2557 1294 2603 ἀσέλγειαν
1313 2570 1383 2592 om.
1408 2558 1445 2592 F.
1556 2560 1568 2583 t
1587 2557 1665 2602 τοῦ]
1689 2557 1750 2600 τὴν

237 2614 297 2644 τοῦ
319 2611 357 2645 F.
470 2616 490 2634 ¹¹
508 2609 636 2656 οἴομαι]
663 2607 754 2653 οἶμαι
774 2611 816 2644 Α.
929 2616 947 2634 Χ
972 2610 1135 2655 ὁρῶντας]
1160 2611 1310 2646 δεδιότας
1330 2612 1439 2645 A.k.r.
1551 2617 1569 2643 Y
1587 2611 1678 2643 ποιεῖ
1695 2612 1749 2644 καὶ

237 2663 342 2709 φοβ.]
376 2664 428 2697 καὶ
448 2665 535 2708 φοβ.
559 2665 646 2697 ποιεῖ
666 2664 884 2697 A.F.k.s.t.v.
1041 2669 1058 2687 Ζ
1088 2663 1236 2709 τουτονί]
1268 2666 1389 2697 τοῦτον
1418 2663 1596 2703 P.Y.O.s.,
1617 2675 1688 2697 non
1711 2663 1746 2696 S.

237 2722 256 2741 a
274 2716 437 2762 πονηρὸν]
463 2717 593 2761 θρασὺν
612 2717 723 2750 A.k.r.
835 2713 853 2740 b
874 2714 913 2748 ἂν
933 2728 1004 2750 om.
1027 2717 1135 2750 A.k.r.
1246 2722 1262 2741 ⁰
1282 2716 1375 2761 ἡμῖν]
1400 2717 1476 2759 ὑμῖν
1495 2718 1531 2750 k.
1625 2712 1644 2740 d
1663 2730 1746 2760 προ-

233 2769 418 2815 βέβληται]
441 2771 694 2814 προβέβληνται
713 2769 933 2803 A.l·‘.k.r.t.v.
1041 2775 1056 2793 θ
1079 2768 1292 2804 Πολύευκτος
1311 2770 1347 2803 in
1368 2770 1523 2815 margine
1543 2774 1623 2814 post
1641 2774 1743 2812 Τιμο-

235 2823 355 2867 κράτης
375 2836 395 2856 a
414 2835 459 2856 m.
481 2823 625 2868 antiqua
643 2823 748 2856 habet
771 2824 805 2855 S.
835 2820 1043 2855 πολύευκτον
1064 2822 1186 2856 Y.O.S.
1279 2820 1293 2847 f
1310 2822 1417 2867 ἕτεροι
1437 2821 1588 2868 τούτοις]
1612 2821 1746 2857 τούτοις

234 2875 341 2919 ἕτεροι
373 2877 477 2910 F.t.v.
635 2881 655 2908 ἕ
679 2875 822 2920 ἑταιρεία
850 2887 901 2919 pr.
933 2876 969 2908 S.
998 2881 1033 2908 et
1059 2875 1204 2909 correcti
1234 2876 1305 2910 k.v.
1355 2876 1578 2910 scribebatur
1603 2875 1742 2919 ἑταιρία.

235 2924 253 2953 11
281 2928 289 2938 C
321 2930 333 2936 o-
400 2928 407 2938 1
440 2930 451 2936 ›—
624 2925 629 2931 ⁸
660 2929 667 2939 r
700 2929 707 2938 Ι
831 2929 839 2939 e
872 2928 878 2937 Ι
985 2927 992 2937 ἱ
1071 2929 1076 2937 ¹

277 2928 368 2974 υμιν]
394 2944 470 2971 ημιν
489 2934 515 2962 t.
623 2934 631 2952 ¹
652 2927 801 2975 εκαστῳ]
824 2941 955 2961 εκαστω
974 2928 1157 2972 ανθρωπων
1180 2929 1217 2962 P.

1952 856 1954 868 ι

1951 877 1954 907 Ι

1952 949 1954 970 Ι

1950 1001 1954 1091 ἕ

1948 1094 1954 1123 S

1948 1126 1954 1171 ἔ
