1954 3273
50 157 203 206 —662‚
220 172 253 196 4.
616 159 758 196 ΚΑΤΑ
791 156 1251 195 ΑΡΙΣΤΟΚΡΑΤΟΎΣ.
1609 151 1693 195 693

85 273 218 332 147οἱ
250 269 314 335 μὴ
342 269 607 338 ιιτυχόντες.
666 270 781 339 φέρ’,
809 267 888 319 ἐὰν
919 268 965 319 δὲ
1003 267 1059 332 δὴ
1093 269 1169 318 καὶ
1208 267 1544 332 Μενέστρατος
1579 266 1751 329 ἡμᾶςῐο

176 357 202 406 ὁ
242 353 500 422 Ἐρετριεὺς
542 355 670 424 ἀξιοῖ
708 353 794 405 1τόι
838 351 956 404 αὐτὰ
1000 354 1076 402 καὶ
1120 352 1246 420 αὐτῷ
1289 350 1624 419 ψηφίσασθαι,
1669 347 1698 413 ἢ

176 438 444 493 111Φάϋλλος
479 440 504 489 ὁ
540 438 728 492 Φωκεὺς
760 439 795 503 ἤ
828 461 897 491 τις
934 437 1087 490 ἄλλος
1124 434 1360 499 δυνάστης
1394 437 1617 498 (πολλοῖς
1651 432 1700 484 δὲ

178 523 328 587 δήπου
355 522 429 573 διὰ
455 523 641 590 καιρούς
674 546 802 576 τινας
836 519 1072 574 πολλάκις
1099 520 1233 590 φίλοι
1260 519 1557 588 γιγνόμεθα),
1585 516 1702 569 ”wd-

179 631 313 674 τερον
337 607 647 676 ψηφιούμεθα
678 612 829 658 πᾶσιν
861 605 889 671 ἢ
917 607 974 656 οὕ
988 627 999 665 ς
1040 603 1351 673 ψηφιούμεθα
1378 602 1432 668 νὴ
1460 603 1573 654 Διά.
1627 604 1703 652 καὶ

248 693 258 709 ,

180 699 253 743 Οτι
287 691 550 761 Ρφήσομεν,
577 689 613 741 (3
648 691 811 757 ἄνδρες
843 691 1101 753 Ἀθηναῖοι,
1130 686 1292 750 καλὸν,
1323 692 1360 738 εἰ
1397 692 1491 738 τῶν
1522 685 1756 750 ‘EAM-15

182 800 275 827 νων
301 778 369 828 ἐπ’
398 777 638 845 ἐλευθερίᾳ
671 774 960 842 προεστάναι
991 773 1258 842 φάσκοντες
1285 770 1393 827 τοὺς
1419 773 1541 840 (Ῑῖδίᾳ
1569 770 1706 822 δυνά-

182 885 280 926 μεις
309 863 381 913 ἐπὶ
413 866 508 915 τοῖς
533 861 741 925 πλήθεσι
777 859 1082 923 κεκτημένους
1110 861 1479 926 δορυφοροῦντες
1504 854 1706 924 Γφανού-

93 951 171 1003 148
185 950 338 1010 μεθα;
389 949 425 995 εὶ
467 944 560 1011 γάρ
598 945 705 995 ἐστί
743 967 810 1013 τῳ
849 943 1038 994 8δοτέον
1075 965 1119 993 τι
1157 942 1411 1003 ἴτοιοῦτον,
1452 943 1513 995 ὡς
1557 940 1704 1006 ἔγωγε

187 1031 245 1081 οὕ
276 1034 410 1097 φημι,
447 1033 637 1095 πρῶτον
675 1028 758 1091 μὲν
795 1032 861 1097 τῷ
899 1026 1044 1091 μηδὲν
1081 1024 1317 1091 ἠδικηκότι
1355 1026 1560 1087 πώποτε,
1597 1023 1699 1074 δεύ-
1720 1050 1761 1071 20

400 1112 419 1163 ὲ
469 1120 489 1139 u

185 1137 321 1180 τερον
370 1115 398 1162 δ
505 1117 571 1182 τῷ
621 1114 726 1177 μηδ’
775 1111 833 1163 ἂν
883 1114 1054 1163 ἀδικεῖν
1103 1111 1336 1175 βούληται
1389 1109 1707 1178 δυνησομένῳ,

186 1197 324 1249 ἔπειθ’
354 1199 416 1250 ὡς
441 1199 632 1261 ἀληθῶς
658 1196 790 1249 ὅστις
823 1195 1003 1246 ἅπασιν
1039 1195 1303 1262 ἀνθρώποις
1339 1195 1473 1245 ε”σται
1505 1193 1708 1262 φανερὸς

185 1280 301 1347 ὑπὲρ
344 1287 427 1331 τοῦ
471 1280 571 1345 Χμή
617 1303 660 1331 τι
710 1284 876 1331 παθεῖν
921 1285 1069 1330 ταῦτα
1120 1278 1459 1346 εὑρισκόμενος,
1508 1281 1582 1329 καὶ
1628 1279 1711 1328 οὐκ

186 1367 261 1417 ἐπὶ
295 1369 361 1434 τῷ
398 1369 546 1416 ποιεῖν
583 1369 683 1428 μετ’
716 1364 868 1417 ἀδείας
902 1364 1085 1430 ἑτέρους
1125 1368 1290 1426 κακῶς,
1318 1363 1494 1432 Ῡτούτῳ
1531 1363 1704 1413 δοτέον.

189 1450 260 1501 ὅτι
315 1448 399 1512 μὲν
450 1450 605 1500 τοίνυν
657 1449 681 1499 ὁ
732 1450 1008 1515 Χαρίδημος
1065 1450 1167 1500 οὔτε
1226 1453 1320 1499 τῶν
1371 1448 1711 1514 ἀναμαρτήτων
1724 1473 1762 1504 25

189 1534 292 1584 ἐστὶ
341 1532 459 1600 πρὸς
505 1534 622 1596 ὑμᾶς
669 1533 772 1583 οὔτε
823 1537 917 1583 τῶν
966 1533 1042 1583 ἵνα
1091 1532 1156 1597 μή
1202 1555 1246 1583 τι
1291 1531 1518 1584 Ζπάθωσι
1564 1537 1713 1582 ταῦτα

190 1618 543 1686 εὑρισκομένων,
571 1618 711 1668 ε’άσω·
753 1618 862 1668 ἀλλ’
893 1619 955 1671 ὡς
986 1616 1089 1668 οὐδὲ
1121 1615 1292 1671 πιστὸς
1327 1621 1389 1670 εἷς
1420 1614 1503 1667 τὸν
1531 1616 1713 1667 ᾶὲπειτα

1259 1699 1278 1727 b

194 1702 379 1771 χρόνον,
407 1701 646 1752 ἀκούσατέ
674 1724 779 1765 μου,
807 1703 882 1752 καὶ
914 1706 1149 1762 σκοπεῖτε,
1177 1699 1234 1752 ἂν
1287 1702 1394 1765 ὑμῖν
1427 1701 1576 1767 ὀρθῶς
1608 1700 1708 1769 ἐξε-

193 1786 343 1853 τάζειν
370 1790 506 1838 δοκῶ.

103 1888 182 1930 149
271 1870 401 1936 Ἐγὼ
437 1869 618 1935 νομίζω,
650 1866 686 1918 ὦ
720 1868 883 1934 ἄνδρες
916 1869 1173 1932 Ἀθηναῖοι,
1207 1867 1313 1918 ὅσοι
1352 1866 1436 1931 μὲν
1469 1871 1563 1918 τῶν
1599 1866 1709 1930 ἠμε-

194 1955 340 2020 τέρων
388 1956 506 2004 ἐθῶν
561 1955 636 2004 καὶ
695 1951 850 2016 νόμων
901 1953 1177 2016 ἐπιθυμηταὶ
1228 1950 1469 2017 γενόμενοι
1525 1955 1718 2001 πολῖται
1732 1961 1814 2001 662

1114 2032 1133 2061 (1

195 2037 535 2090 οέσπούδασαν
584 2035 820 2103 γενέσθαι,
872 2034 969 2099 ἅμα
1020 2036 1058 2086 τ’
1150 2034 1317 2089 αὐτοὺς
1367 2033 1424 2085 ἂν
1472 2032 1720 2101 τυγχάνειν

196 2122 398 2174 θτούτων
435 2123 510 2172 καὶ
548 2121 656 2187 παρ’
690 2118 818 2183 Ῐημῖν
850 2123 986 2170 οἰκεῖν
1021 2121 1097 2170 καὶ
1133 2118 1342 2186 μετέχειν
1377 2116 1441 2169 ὧν
1480 2116 1715 2181 ἐπεθύμη-

198 2231 306 2260 σαν.
359 2206 534 2260 ἕὸσους
568 2204 615 2256 δὲ
649 2203 828 2256 τούτων
865 2202 950 2268 μὲν
984 2204 1181 2269 μηδενὸς
1216 2203 1322 2268 μήτ’
1349 2203 1570 2265 ἐπιθυμία
1604 2201 1721 2266 μήτε

254 2352 275 2380 k
294 2354 472 2401 τυχόντες]
497 2354 697 2399 μετέχοντες
715 2366 747 2388 v.
878 2349 890 2379 Ῑ
909 2352 952 2386 τὰ
972 2352 1056 2386 αὐτὰ
1076 2350 1254 2386 F.S.Y.O.
1286 2351 1391 2385 ταυτὰ
1410 2351 1484 2385 k.v.
1521 2350 1722 2396 Legebatur

201 2411 318 2443 ταῦτα.
422 2414 452 2432 m
472 2407 649 2453 Φάῦλλος]
675 2408 809 2452 φάϋλος
831 2406 950 2441 O.k.v.
1053 2411 1073 2430 ¹1
1093 2404 1255 2451 πότερον]
1279 2406 1407 2449 πότερα
1426 2405 1531 2438 A.r.s.
1630 2409 1648 2427 Ο
1669 2403 1718 2449 τί]

200 2462 235 2496 τί
254 2461 360 2505 δήπου
380 2474 414 2495 v.
489 2467 509 2494 P
529 2459 706 2506 φήσομεν]
730 2459 938 2505 ψηφίσομεν
959 2460 998 2493 F.
1072 2465 1092 2492 q
1113 2457 1197 2504 ἰδίᾳ]
1222 2459 1307 2493 ἰδίας
1326 2457 1416 2492 Y.O.
1436 2463 1471 2492 et
1491 2462 1667 2491 correctus
1687 2458 1723 2490 k.

203 2520 218 2539 ¹⁸
237 2513 451 2560 φανούμεθα]
477 2514 680 2548 Addebatur
700 2514 766 2559 ἐγὼ
785 2515 846 2556 μὲν
865 2514 930 2557 οὐχ
949 2514 1028 2557 ὁρῶ,
1048 2513 1143 2558 quod
1162 2512 1228 2558 ἐγὼ
1248 2513 1310 2556 μὲν
1329 2512 1388 2545 οὐκ
1408 2512 1476 2555 ἔχω
1497 2511 1667 2556 scriptum
1687 2511 1724 2543 in

204 2568 336 2603 F.Y.O.
373 2568 548 2602 Neutrum
568 2568 673 2601 habet
695 2567 732 2601 S.
772 2567 874 2600 Prius
893 2566 980 2599 illud
998 2566 1127 2611 legitur
1146 2578 1180 2611 p.
1199 2563 1288 2612 665,
1306 2572 1366 2612 15.
1453 2569 1466 2589 S
1488 2563 1623 2609 δοτέον]
1649 2563 1726 2597 δέον

203 2623 309 2656 A.r.s.
394 2620 408 2646 ἵ
427 2619 598 2666 τοιοῦτον]
622 2621 757 2654 τοιοῦτο
776 2620 813 2655 k.
901 2625 921 2643 u
940 2621 987 2666 τῷ
1006 2620 1164 2653 additum
1184 2619 1220 2652 in
1240 2620 1294 2653 ed.
1313 2618 1422 2653 Paris.
1439 2630 1467 2652 a.
1492 2627 1606 2663 1570.
1628 2617 1727 2650 abest

204 2675 247 2709 ab
267 2674 445 2708 codicibus
465 2674 639 2715 omnibus,
661 2673 767 2707 etiam
788 2673 842 2714 Β.,
864 2673 907 2707 de
928 2685 997 2718 quo
1016 2684 1160 2707 monere
1180 2673 1336 2719 neglexit
1357 2671 1534 2705 Reiskius.
1641 2675 1661 2694 Χ
1681 2669 1726 2713 μή

1145 2736 1168 2753 ω
1265 2735 1360 2753 ΤΟυΤΟ

204 2776 238 2796 τι
258 2762 502 2796 BIarklandus.
548 2761 678 2795 Aberat
697 2775 741 2794 τι.
877 2767 895 2794 Y
914 2759 1040 2807 τούτῳ]
1066 2762 1167 2794 τοῦτο
1188 2760 1227 2795 F.
1259 2759 1369 2806 τούτῳ
1389 2760 1424 2792 k.
1554 2763 1571 2781 Ζ
1591 2757 1728 2790 πάθωσι

208 2815 383 2849 Reiskius.
413 2815 503 2857 πάθῃ
523 2814 614 2848 libri.
749 2819 767 2838 a
786 2813 917 2858 ἔπειτα]
942 2813 1073 2847 ἅπαντα
1092 2814 1203 2849 A.r.s.
1331 2809 1351 2837 b
1373 2812 1450 2855 ὑμῖν
1470 2810 1596 2856 ὀρθῶς]
1621 2809 1730 2854 ὀρθῶς

207 2869 285 2913 ὑμῖν
304 2880 336 2903 v.
407 2873 423 2892 ⁰
442 2867 664 2901 ἐσπούδασαν
684 2866 842 2913 γενέσθαι
866 2866 999 2902 S.Y.O.
1027 2867 1188 2913 γενέσθαι
1208 2866 1428 2901 ἐσπούδασαν
1443 2865 1561 2909 vulgo.
1632 2859 1650 2887 d
1671 2863 1730 2896 αὖ·

208 2922 288 2957 τοὺς
307 2919 365 2967 ἂν]
389 2919 429 2955 ἂν
443 2921 564 2956 αὐτοὺς
580 2934 610 2955 v.
677 2928 694 2947 ’ἒ
716 2919 1054 2965 τούτων-μετέχειν
1071 2932 1139 2955 om.
1156 2933 1184 2954 r.
1241 2917 1256 2944 f
1273 2918 1367 2964 ἡμῖν]
1393 2919 1470 2963 ὑμῖν
1488 2919 1523 2952 k.
1591 2922 1607 2945 g
1626 2915 1731 2952 ὅσους

212 2974 251 3010 S.
293 2974 493 3021 Legebatur
513 2973 618 3009 ὅσοις.
1210 2980 1213 2981 ’
