1954 3273
865 400 973 446 KA.

384 556 606 613 ΚΑΤΑ
656 559 1009 612 ΜΕΙΔΙΟΤ
1058 560 1248 612 ΠΕΡΙ
1297 559 1460 611 TOT

687 662 1158 716 KONATAOT.

802 935 1040 965 ΥΠΟΘΕΣΙΣ.

215 1025 356 1071 Ἐορτὴν
384 1025 467 1072 ἦγον
496 1028 528 1061 οἶ
554 1026 722 1071 Ἀθηναῖοι
749 1027 917 1075 Διονύσῳ,
943 1025 1012 1070 ἃῆν
1041 1026 1183 1060 ἐκάλουν
1212 1024 1279 1059 ἀπὸ
1306 1026 1368 1058 τοῦ
1397 1024 1477 1059 θεοῦ
1502 1022 1678 1058 Διονύσια·

163 1090 198 1123 ἐν
223 1089 260 1123 δέ
287 1088 391 1133 ταύτῃ
417 1092 571 1137 τραγικοὶ
599 1092 652 1125 καὶ
682 1093 819 1135 κωμικοὶ
845 1094 897 1125 καὶ
923 1092 1078 1135 αὐλητῶν
1106 1090 1207 1135 χοροὶ
1233 1089 1481 1134 διηγωνίζοντο.
1519 1087 1681 1122 καθίστα-

164 1168 230 1187 σαν
249 1154 286 1188 δὲ
309 1154 389 1190 τοὺς
410 1156 536 1201 χοροὺς
561 1157 594 1190 αἱ
621 1157 743 1201 φυλαὶ,
765 1155 843 1190 δέκα
871 1156 1113 1201 τυγχάνουσαι·
1143 1154 1291 1200 χορηγὸς
1317 1153 1353 1187 δέ
1382 1151 1421 1196 ἧν
1446 1153 1588 1195 ἑκάστης
1615 1152 1684 1196 φυ·
1696 1157 1780 1201 509

165 1221 226 1262 λῆς
253 1220 271 1252 ὁ
299 1221 341 1253 τὰ
365 1219 568 1264 ἀναλώματα
596 1221 754 1266 παρέχων
780 1221 822 1254 τὰ
848 1221 926 1266 περὶ
954 1220 1013 1253 τὸν
1038 1221 1155 1265 χορόν.
1196 1219 1213 1250 ὁ
1242 1216 1356 1252 τοίνυν
1382 1216 1600 1261 Δημοσθένης
1627 1216 1686 1258 τῆς

166 1285 286 1318 ἑαυτοῦ
306 1286 431 1330 φυλῆς,
452 1286 512 1329 τῆς
530 1285 763 1325 Πανδιονίδος,
785 1284 965 1328 ἐθελοντὴς
990 1283 1121 1327 ὑπέστη
1148 1284 1305 1328 χορηγός.
1345 1281 1457 1328 ἐχθρῷ
1480 1281 1516 1314 δέ
1535 1276 1684 1325 13κεχρη-

165 1349 264 1392 μένος
289 1349 336 1395 τῷ
363 1348 500 1393 Μειδίᾳ,
528 1350 595 1382 τῶν
623 1348 801 1382 πλουσίων
830 1348 888 1388 ἑνὶ,
914 1347 1004 1392 φησὶ
1029 1346 1118 1389 0μὲν
1147 1346 1200 1379 καὶ
1228 1344 1319 1378 ἰίλλα
1346 1340 1468 1388 (Ῑπαρὰ
1493 1342 1553 1386 τὴν
1581 1355 1716 1387 χορη-5

166 1410 243 1457 γίαν
269 1410 372 1444 αὑτοῦ
401 1411 603 1445 πεπονθέναι
628 1415 744 1451 κακῶς,
766 1412 805 1444 τὸ
832 1411 868 1444 δέ
894 1411 1090 1444 τελευταῖον
1116 1409 1171 1443 ἐπὶ
1199 1409 1257 1451 τῆς
1283 1406 1478 1453 ὀρχήστρας
1505 1404 1690 1440 κονδύλους

167 1476 296 1515 ἔλαβεν
325 1475 475 1509 ἐναντίον
500 1476 634 1509 πάντων
659 1479 726 1509 τῶν
757 1476 897 1510 θεατῶν.
947 1475 1001 1508 ἐπὶ
1031 1473 1169 1520 θτοῦτῳ
1198 1473 1430 1518 κατηγόρησεν
1459 1471 1494 1504 ἐν
1522 1473 1570 1517 τῷ
1596 1469 1690 1516 δήμῳ

168 1542 229 1573 τοῦ
256 1540 398 1573 Μειδίου
427 1540 471 1575 ὡς
498 1539 707 1584 ἠσεβηκότος
736 1541 784 1575 εἷς
811 1541 872 1584 τὴν
901 1539 1021 1585 ἑορτὴν
1050 1539 1103 1572 καὶ
1130 1538 1190 1571 τὸν
1214 1538 1394 1570 Διόνυσον·
1427 1536 1580 1570 ἐκαλεῖτο
1605 1535 1641 1568 δέ
1671 1533 1745 1577 ἡῑο

170 1602 307 1647 τοιαύτη
328 1602 510 1650 κατηγορία
531 1604 702 1650 προβολή.
743 1606 760 1638 ὁ
783 1605 844 1649 μὲν
864 1603 923 1638 οὖν
943 1604 1048 1647 δῆμος
1073 1603 1259 1647 κατέγνωκε
1283 1603 1345 1635 τοῦ
1369 1600 1509 1634 Μειδίου
1529 1600 1589 1643 τὴν
1608 1599 1690 1632 ἀσέ-

170 1670 279 1709 βειαν,
299 1667 516 1714 ἀγωνίζονται
536 1669 572 1702 δέ
596 1671 654 1703 νῦν
677 1669 712 1702 ἐν
732 1668 937 1715 δικαστηρίῳ
963 1668 1041 1713 περὶ
1069 1668 1128 1710 τῆς
1157 1668 1218 1700 τοῦ
1246 1665 1353 1710 δήμου
1383 1663 1690 1709 καταχειροτονίας·

173 1732 240 1766 ἔδει
259 1734 324 1777 γὰρ
344 1733 567 1778 καταγνόντος
585 1735 645 1766 τοῦ
666 1732 772 1776 δήμου
793 1732 1010 1777 δικαστήριον
1033 1733 1141 1777 κρῖναι
1161 1728 1329 1775 δεύτερον.
1368 1730 1465 1763 ἔστιν
1485 1727 1543 1762 οὖν
1563 1729 1581 1761 ὁ
1601 1727 1694 1772 ἀγὼν

174 1797 251 1840 περὶ
289 1796 536 1839 ὑποτιμὴσεως·
579 1797 617 1830 οὐ
650 1798 716 1842 γὰρ
750 1797 828 1842 περὶ
864 1798 925 1829 τοῦ
963 1796 1066 1840 μηδὲν
1102 1795 1226 1828 ἀδικεῖν
1259 1795 1277 1827 ὁ
1311 1793 1452 1828 Μειδίας
1483 1791 1743 1838 ἀγωνίζεται,15

176 1859 267 1893 ἀλλὰ
292 1861 369 1905 περὶ
394 1857 479 1893 Ῐ’τοῦ
506 1860 703 1904 τιμήματος,
723 1862 868 1905 πότερον
894 1858 1023 1906 ὕβρεως
1048 1858 1066 1902 ἢ
1092 1857 1252 1899 ἀσεβείας
1278 1857 1412 1903 ὀφείλει
1437 1855 1544 1900 δίκην.
1583 1857 1695 1902 ὁρικὸς

179 1922 238 1957 οὖν
267 1925 285 1957 ὁ
313 1926 417 1969 λόγος
445 1926 485 1966 τῇ
515 1924 651 1965 στάσει,
680 1926 740 1958 τοῦ
769 1925 830 1968 μὲν
860 1922 1001 1958 Μειδίου
1030 1924 1194 1968 λέγοντος
1221 1920 1321 1967 ὕβριν
1349 1918 1432 1955 εἶναι
1461 1921 1500 1955 τὸ
1528 1921 1693 1966 πραχθέν,

177 1988 291 2031 ἐπειδὴ
320 1986 555 2031 ἕτετύπτηκεν
584 1987 688 2033 ἄνδρα
721 1986 915 2033 ἐλεύθερον,
945 1989 1006 2021 τοῦ
1038 1987 1075 2020 δέ
1105 1986 1345 2030 Δημοσθένους
1377 1985 1549 2026 ἀσέβειαν,
1580 1984 1695 2028 ἐπειδὴ
1710 1995 1750 2016 20

177 2052 324 2097 χορηγὸς
343 2053 360 2084 ὁ
381 2049 657 2095 11τετυπτημένος
676 2052 729 2085 καὶ
748 2052 783 2085 ἐν
803 2049 998 2086 Διονυσίοις
1024 2052 1076 2084 καὶ
1105 2050 1140 2083 ἐν
1163 2052 1209 2096 τῷ
1235 2049 1375 2097 θεάτρῳ·
1407 2050 1462 2083 διὰ
1480 2049 1546 2095 γὰρ
1565 2048 1696 2083 τούτων

176 2114 230 2147 καὶ
260 2112 459 2157 ἠσεβηκέναι
491 2115 551 2148 τὸν
582 2115 723 2148 Μειδίαν
753 2113 873 2158 φησίν·
910 2114 953 2149 ὡς
983 2110 1065 2147 εἶναι
1095 2113 1241 2147 διπλοῦν
1275 2112 1355 2158 ὅρον
1389 2112 1472 2146 κατὰ
1502 2110 1695 2156 σύλληψιν.

177 2171 282 2208 ἰκατὰ
302 2173 484 2221 σύλληψιν
503 2175 544 2209 δέ
562 2176 669 2219 ἐστιν,
691 2175 771 2210 ὅταν
794 2177 838 2221 μὴ
858 2176 1084 2218 ἐκβάλλοντες
1106 2176 1146 2209 τὸ
1172 2175 1237 2208 ὑπὸ
1265 2177 1333 2208 τῶν
1357 2174 1532 2208 ἀντιδίκων
1559 2175 1696 2220 εἰσαγό-

177 2253 278 2283 μενον
303 2238 409 2283 ὅνομα
433 2241 486 2274 καὶ
515 2240 629 2286 ἕτερον
655 2241 745 2288 αὐτῷ
768 2240 1020 2286 προστιθῶμεν,
1043 2238 1162 2284 ὥσπερ
1182 2238 1324 2273 ἐνταῦθα
1347 2239 1365 2271 ὁ
1386 2237 1616 2283 Δημοσθένης,
1638 2240 1698 2272 τοῦ
1712 2250 1749 2283 25

179 2303 320 2337 Μειδίου
346 2303 508 2349 λέγοντος
536 2303 717 2350 ὑβρικέναι,
744 2305 803 2338 οὐκ
830 2304 991 2346 ἐκβάλλει
1016 2304 1078 2348 μὲν
1104 2303 1181 2337 οὐδὲ
1208 2302 1269 2347 τὴν
1293 2300 1404 2348 ὕβριν,
1426 2302 1636 2348 προστίθησι
1662 2302 1700 2337 δέ

179 2367 262 2410 αὐτῇ
283 2368 336 2401 καὶ
355 2368 415 2411 τὴν
432 2367 606 2410 ἀσέβειαν.

843 2429 1036 2467 1(ΑΛΛΩΣ.
1710 2442 1795 2482 510

237 2496 405 2541 Διάφοροι
433 2496 524 2541 παρὰ
549 2495 745 2540 Ἀθηναίους
773 2498 896 2542 ν’]’γοντο
926 2496 1050 2541 ἑορταὶ,
1079 2495 1114 2529 ἐν
1142 2493 1194 2530 αἷς
1221 2493 1261 2538 ἧν
1289 2495 1331 2528 τὰ
1356 2494 1585 2538 Παναθήναια,
1613 2492 1699 2538 ἅπερ

183 2558 222 2603 ἦν
245 2560 361 2601 διπλᾶ,
385 2562 486 2607 μικρά
510 2576 547 2595 τε
573 2562 626 2595 καὶ
653 2562 797 2607 μεγάλα·
832 2561 885 2595 καὶ
910 2561 952 2594 τὰ
980 2561 1041 2604 μὲν
1066 2557 1222 2606 1μεγάλα
1250 2559 1333 2593 κατὰ
1358 2557 1601 2604 πενταετηρίδα
1626 2558 1698 2593 ἐτε-
1713 2567 1728 2598 5

239 2702 258 2722 a
276 2695 332 2742 ἣν]
356 2696 392 2730 ἐν
410 2692 431 2739 ᾗ
451 2697 489 2731 F.
556 2693 576 2721 b
597 2697 817 2743 κεχρημένος]
843 2697 1039 2741 κεκτημένος
1057 2702 1086 2732 t.
1154 2700 1168 2717 ‘³
1187 2695 1265 2742 μὲν]
1289 2696 1351 2741 μὲν
1365 2696 1430 2741 γὰρ
1446 2695 1487 2729 F.
1554 2691 1570 2715 ‘³
1589 2693 1696 2739 παρὰ]

185 2750 250 2783 ὑπὸ
271 2750 420 2785 F.Y.t.v.
449 2750 504 2783 ἐπὶ
523 2751 640 2796 vulgo.
779 2756 794 2775 e
814 2750 942 2798 τούτῳ]
966 2752 1068 2784 τοῦτο
1088 2750 1208 2784 F.Y.v.
1349 2746 1364 2773 f
1380 2751 1442 2782 τοῦ
1462 2760 1530 2782 om.
1553 2747 1701 2780 F.Y.t.v.

184 2807 200 2829 g
219 2802 424 2846 τετύπτηκεν
443 2803 596 2839 F.Y.t.V.
627 2804 755 2849 ἔτυψεν
773 2805 893 2850 vulgo.
1034 2801 1056 2828 h
1075 2803 1323 2847 τετυπτημένος
1342 2802 1447 2836 Y.t.v.
1477 2799 1703 2843 τετυπημένος

185 2856 226 2890 F.
259 2857 402 2901 τυφθεὶς
419 2857 538 2902 vulgO.
641 2853 651 2881 i
671 2858 754 2891 κατὰ
775 2857 957 2901 σύλληψιν
976 2857 1014 2891 δέ
1034 2856 1145 2903 ἐστιν]
1169 2857 1258 2891 Haee
1276 2856 1381 2889 verba
1400 2854 1517 2888 addidi
1537 2865 1580 2887 ex
1599 2865 1702 2898 argu-

185 2916 306 2943 mento
326 2910 435 2944 altero
454 2922 489 2955 p.
507 2920 595 2956 512,
612 2916 671 2956 17.
692 2916 872 2955 praeeunte
894 2910 1061 2956 Sauppio.
1234 2906 1256 2934 k
1276 2909 1436 2943 Alterum
1457 2912 1704 2953 argumentum

186 2973 256 2997 om.
278 2963 320 2998 B.
434 2960 444 2990 l
463 2964 596 3009 μεγάλα
615 2975 687 2999 om.
709 2969 773 2999 t.V.
1231 2978 1235 2980 “

917 3039 978 3067 12
