1954 3273
20 185 175 227 —741‚
198 190 247 216 13.
617 177 755 214 ΚΑΤΑ
788 177 1192 216 ΤΙΜΟΚΡΑΤΟὙΣ.
1579 178 1661 219 773

144 286 347 353 πονηρὸς
386 289 461 337 καὶ
501 286 704 350 κλέπτης
741 286 798 351 ἦν
839 290 914 338 καὶ
951 290 1211 352 προδοσίας
1254 288 1334 353 11γε
1378 289 1520 342 ἁλοὺς
1555 291 1660 355 τρία
1676 317 1710 347 15

55 379 135 429 146
146 370 357 421 τάλαντα
395 370 601 432 ἀπέτισε,
637 373 712 421 καὶ
752 371 980 436 συνέδρου
1014 372 1262 436 γενομένου
1298 371 1481 435 κλοπὴν
1520 373 1661 423 αὐτοῦ

143 455 199 505 τὸ
242 454 542 520 δικαστήριον
581 454 791 520 κατέγνω
833 457 909 506 καὶ
952 454 1293 506 ἱδεκαπλάσιον
1337 456 1543 518 ἀπέτισε,
1587 460 1662 507 καὶ

144 537 602 604 παρεπρεσβεύσατο
644 542 707 591 εἷς
742 538 1000 604 Αἴγυπτον,
1032 540 1107 588 καὶ
1139 538 1246 592 τοὺς
1285 539 1521 608 ἀδελφοὺς
1556 539 1662 593 τοὺς

145 623 311 673 ἑαυτοῦ
344 623 501 686 ἠδίκει,
536 620 557 648 k

144 703 155 732 1

569 623 621 672 οὐ
655 622 871 691 τοσούτῳ
910 627 1101 684 μᾶλλον
1134 621 1275 673 αὐτὸν
1309 623 1396 673 ἔδει
1433 624 1660 687 δεδέσθαι,

172 709 208 755 εἰ
242 711 454 772 χρηστοῦ
489 703 667 771 πατρὸς
700 703 765 755 ὧν
799 711 1006 759 τοιοῦτος
1043 704 1172 768 ωῆν,
1217 704 1343 768 οἶμαι
1375 705 1468 772 γὰρ
1506 706 1715 780 ἔγωγ’,κο

146 788 273 855 ε’ίπερ
310 793 376 857 τῷ
401 788 498 839 ὄντι
536 788 746 855 χρηστὸς
781 788 838 853 ἧν
865 788 1030 856 Λάχης
1069 791 1144 839 καὶ
1171 789 1441 856 φιλόπολις,
1470 792 1544 841 ὑπ’
1573 792 1657 841 αὐ-

146 877 229 923 τοῦ
255 869 343 923 “ἂν
368 873 540 923 ἐκείνου
566 875 752 936 δεθῆναι
779 873 920 924 αὑτὸν
953 872 1164 923 τοιοῦτόν
1190 874 1232 937 γ’
1262 872 1376 923 ὅντα
1411 874 1486 923 καὶ
1518 875 1664 929 οὕτως

61 971 135 1015 147
150 959 363 1023 αἰσχροῖς
404 957 600 1007 ὀνείδεσι
643 955 982 1023 περιβάλλοντ’
1022 958 1207 1007 ἐκεῖνον.
1250 960 1325 1007 καὶ
1369 962 1535 1008 τοῦτον
1578 957 1663 1021 μὲν

148 1038 206 1103 δὴ
232 1041 416 1103 0ἐῶμεν,
445 1039 716 1104 Γλαυκέτην
751 1039 799 1090 δὲ
830 1039 1135 1108 σκεψώμεθα.
1176 1041 1263 1107 οὐχ
1301 1040 1434 1094 οὗτος
1469 1043 1599 1092 ἐστιν
1636 1044 1712 1098 (325

148 1127 338 1189 πρῶτον
372 1124 456 1187 μὲν
492 1127 553 1177 εἷς
589 1124 842 1174 Δεκέλειαν
883 1123 1229 1188 αὐτομολήσας,
1270 1127 1478 1176 κάκεῖθεν
1511 1126 1663 1192 ὁρμώ-

149 1229 287 1269 μενος
312 1206 549 1257 καταθέων
575 1210 650 1257 καὶ
676 1208 833 1274 φέρων
862 1210 938 1258 καὶ
961 1208 1090 1273 ἄγων
1116 1210 1234 1271 ὑμᾶς
1255 1230 1267 1270 3
1311 1208 1441 1259 ἀλλὰ
1467 1209 1664 1263 Ρπάντες

149 1289 254 1340 ἰ’στε
288 1295 476 1340 (ἶταῦτα.
519 1293 594 1340 καὶ
627 1292 675 1340 Γὸ
711 1290 804 1341 ἀπὸ
831 1290 942 1354 8μὲν
979 1296 1073 1342 τῶν
1108 1293 1339 1358 ὑμετέρων
1377 1294 1557 1344 παίδων
1591 1295 1665 1344 καὶ

149 1378 384 1439 γυναικῶν
422 1376 497 1424 καὶ
529 1378 623 1425 τῶν
655 1374 822 1425 ἄλλων
854 1374 1125 1441 χρημάτων,
1156 1375 1251 1426 ὅσα
1285 1376 1443 1439 λάβοι,
1473 1377 1666 1431 δεκάτας
1679 1398 1756 1439 741

60 1460 269 1521 148te'xe2
288 1463 355 1527 τῷ
381 1459 601 1526 ἁρμοστῇ
627 1465 649 1485 ¹¹
665 1461 922 1512 κατατιθεὶς
946 1458 1125 1510 τούτων
1156 1461 1376 1525 ἀκριβῶς,
1403 1459 1488 1525 τὴν
1514 1460 1603 1511 Χδέ
1621 1462 1663 1527 γ’

152 1541 314 1594 ἐνθάδε
341 1541 460 1605 θεὸν,
486 1541 782 1608 πρεσβευτὴς
808 1543 1019 1611 ἀξιωθεὶς
1046 1541 1159 1593 εἶναι
1186 1544 1263 1611 ὑφ’
1294 1545 1437 1607 ὑμῶν,
1464 1546 1668 1596 ἀποστε-

151 1631 248 1694 ρῶν
272 1625 356 1679 τὰς
382 1624 476 1677 ἀπὸ
502 1630 595 1677 τῶν
622 1626 853 1692 ὑμετέρων
882 1628 1122 1690 πολεμίων
1148 1626 1356 1690 δεκάτας,
1385 1627 1542 1679 ε”πειτα
1578 1651 1662 1679 τα-

153 1710 350 1775 μιεύσας
387 1710 436 1759 ἐν
471 1708 722 1774 ἀκροπόλει
757 1711 1023 1776 7τάριστεῖα
1060 1713 1143 1773 τῆς
1180 1710 1378 1774 πόλεως,
1404 1709 1470 1762 Ζᾶ
1494 1712 1697 1773 ε”λαβενε

151 1794 248 1845 ἀπὸ
286 1798 380 1845 τῶν
416 1793 689 1859 βαρβάρων,
730 1793 1025 1861 ὑφῃρημένος
1062 1794 1120 1862 ἐξ
1151 1793 1464 1860 ἀκροπόλεως,
1500 1794 1583 1846 τόν
1620 1818 1670 1847 τε

154 1877 325 1944 δίφρον
351 1874 434 1925 τὸν
459 1874 762 1941 ἀργυρόποδα
787 1877 864 1926 καὶ
891 1874 974 1926 τὸν
1000 1875 1222 1940 ἀκινάκην
1248 1875 1330 1927 τὸν
1356 1880 1669 1945 ὃΜαρδονίου,

156 1957 206 2012 ὃς
231 1957 316 2024 ἧγε
341 1958 636 2024 τριακοσίους
666 1958 915 2025 δαρεικούς.
958 1958 1089 2010 ἀλλὰ
1124 1960 1271 2010 ταῦτά
1304 1961 1348 2026 γ’
1376 1961 1497 2012 οὕτω
1533 1985 1665 2028 περι-

155 2044 285 2111 φανῆ
312 2043 444 2093 ἐστὶν
469 2041 593 2093 ὥστε
619 2041 801 2095 πάντας
827 2042 1101 2108 ἀνθρώπους
1133 2044 1310 2094 εἰδέναι.
1354 2043 1485 2094 ἀλλὰ
1510 2045 1669 2096 τᾶλλα
1687 2072 1722 2092 ιο

66 2142 144 2182 149
157 2125 212 2174 οὐ
249 2125 434 2186 βίαιος;
479 2127 541 2178 ὡς
580 2125 755 2179 ῦούδεὶς
789 2125 1062 2192 ἀνθρώπων.
1102 2124 1200 2177 εἶτα
1240 2128 1508 2195 φείσασθαί
1548 2151 1672 2181 τινος

1348 2215 1368 2224 Α

156 2209 332 2259 “ab-rehu
368 2208 527 2277 ’Ῐόίξιόν
560 2211 705 2272 ἐστιν,
745 2208 868 2260 ὥστε
908 2209 983 2260 διὰ
1018 2209 1208 2263 τούτους
1242 2209 1271 2274 ἢ
1305 2233 1400 2261 των
1434 2213 1671 2262 Εδεκατῶν

155 2288 270 2341 Ῡτῶν
291 2293 374 2355 τῆς
404 2294 511 2342 θεοῦ
536 2292 777 2355 ἀμελῆσαι
803 2290 832 2356 ἢ
857 2294 940 2356 τῆς
966 2293 1222 2347 διπλασίας
1255 2297 1350 2367 τῷν
1377 2294 1523 2345 ὁσίων
1547 2317 1665 2361 χρη-

1104 2412 1130 2429 Ον

210 2435 232 2463 h
250 2437 306 2484 γε]
329 2453 367 2473 τε
385 2438 499 2474 A.k.s.
602 2435 613 2463 i
633 2439 880 2486 δεκαπλάσιον]
905 2439 1136 2474 δεκαπλασίαν
1155 2452 1184 2475 ι’.
1215 2440 1446 2476 δεκαπλασίαν
1466 2441 1670 2478 A.F.O.k.s.

158 2488 179 2516 k
201 2491 240 2525 οὐ
259 2490 432 2539 τοσούτῳ]
457 2493 496 2525 οὐ
516 2494 685 2526 τοσοῦτον
703 2505 731 2526 r.
763 2492 861 2528 οὗτος
881 2491 968 2527 οὕτω
988 2495 1062 2528 A.S.
1084 2499 1119 2527 et
1138 2508 1193 2539 γρ.
1213 2504 1241 2527 r.
1325 2491 1336 2518 Ῑ
1355 2495 1400 2541 εἰ]
1426 2496 1455 2529 εἷ
1474 2498 1526 2530 καὶ
1547 2496 1670 2530 Y.O.r.

159 2549 191 2569 m
210 2543 266 2590 ἣν]
291 2545 387 2578 ἐστὶν
406 2545 564 2579 A.Y.k.s.
676 2551 695 2569 Π
718 2544 758 2579 ἂν
779 2544 922 2591 ἐκείνου]
948 2546 1073 2580 ἐκείνου
1092 2544 1132 2579 ἂν
1146 2546 1389 2582 A.Y.O.k‚r.s.
1500 2555 1518 2574 0
1543 2550 1666 2595 ἐῶμεν]

158 2597 314 2641 ἐάσωμεν
331 2597 573 2632 A.Y.O.k.r.S.
698 2605 718 2633 P
737 2598 875 2644 πάντες]
899 2598 1043 2634 ἅπαντες
1062 2599 1156 2634 Y.O.
1283 2608 1300 2636 (Ι
1322 2604 1425 2635 ταῦτα
1446 2602 1527 2636 F.S.
1559 2602 1670 2647 Lege-

157 2650 261 2684 batur
280 2649 373 2684 ταῦθ’
393 2650 414 2684 ἃ
433 2652 535 2696 λέγω.
647 2657 662 2676 ῐ·
682 2652 700 2683 ὁ
719 2663 789 2685 om.
809 2651 1012 2687 A.Y.O.r.v.
1135 2657 1149 2677 S
1168 2653 1230 2696 μὲν
1249 2664 1319 2687 om.
1340 2666 1370 2688 r.
1480 2653 1495 2679 t
1516 2655 1583 2688 ἐκεῖ
1600 2654 1666 2701 τῷ]

158 2701 272 2750 ἐκείνῳ
290 2703 492 2739 A.Y.O‚r.s.
605 2710 625 2729 Π
646 2705 848 2751 κατατιθεὶς]
873 2706 1026 2740 καταθεὶς
1044 2717 1077 2739 v.
1189 2711 1209 2730 Χ
1229 2706 1267 2740 δέ
1285 2719 1354 2741 om.
1375 2707 1486 2742 A.k.s.
1509 2713 1543 2741 et
1562 2722 1617 2752 γρ.
1640 2720 1669 2742 r.

158 2761 178 2789 Y
198 2755 374 2801 τάριστεῖα
395 2757 429 2792 S.
460 2757 502 2790 τὰ
520 2756 674 2802 ἀριστεῖα
692 2758 810 2804 vulgo.
934 2765 950 2784 Ζ
969 2757 990 2792 ἃ
1009 2770 1079 2793 om.
1104 2759 1139 2793 S.
1265 2765 1283 2785 ³·
1303 2760 1513 2806 Μαρδονίου]
1536 2762 1671 2805 μαρδω-

160 2806 233 2842 νίου
252 2809 326 2843 A.s.
435 2806 455 2835 b
475 2809 600 2855 οὐδεὶς]
625 2809 734 2846 οὐδείς
752 2810 784 2857 γ’
804 2812 945 2846 A.k.r.s.
1070 2818 1086 2837 0
1105 2813 1233 2859 αὐτῶν]
1258 2813 1360 2846 αὐτὸν
1380 2825 1407 2847 s.
1519 2809 1539 2837 d
1557 2812 1668 2858 ἄξιόν]

160 2860 253 2905 ἄξιός
271 2861 391 2897 A.Y.s.
515 2868 531 2887 e
551 2863 714 2909 δεκατῶν]
737 2864 883 2898 δεκάτων
902 2865 1006 2900 A.r.s.
1128 2862 1143 2890 f
1160 2868 1227 2899 τῶν
1246 2877 1314 2899 om.
1336 2866 1450 2901 F.S.v.
1472 2878 1577 2911 supra
1595 2878 1672 2900 ver-

161 2926 240 2949 sum
259 2915 428 2960 scriptum
448 2915 482 2949 in
504 2916 544 2950 B.
