1954 3273
72 156 228 205 —762,
248 171 279 195 2.
663 159 803 196 KATA
835 159 1241 197 ΤΙΜΟΚΡΑΤΟΎΣ.
1629 164 1710 205 795

197 266 447 332 δυνήσεται
488 268 647 336 δεῖξαι,
687 269 851 319 εἰδέναι
890 267 1005 335 ἴχρὴ
1046 274 1245 336 “σαφῶς
1285 272 1765 338 Χφενακιζομε’νους,ιο

197 354 272 402 καὶ
310 359 328 386 Υ
340 351 611 417 λογίζεσθαι
646 351 764 419 πρὸς
799 354 915 415 ὑμᾶς
955 351 1120 406 αὐτοὺς
1154 355 1202 402 ἐκ
1238 354 1361 406 τίνος
1393 355 1494 404 ποτ’
1536 357 1711 416 ἐπῆλθε

103 453 181 495 223
197 435 346 504 τούτῳ
371 441 587 486 Ζτοιαῦτα
613 440 894 498 νομοθετεῖν.
937 437 992 485 οὐ
1017 440 1201 501 προῖκα,
1224 434 1260 486 ὦ
1286 434 1588 501 Τιμόκρατες,
1618 437 1706 487 πό-

197 523 307 578 θεν;
349 519 441 568 οὐδ’
472 519 636 583 ὀλίγου
661 525 680 544 ³
697 522 768 569 δεῖ
788 523 954 568 τοῦτον
980 518 1147 581 ε”θηκας
1186 516 1268 568 τὸν
1295 517 1454 581 νόμον·
1497 521 1712 582 οὐδεμίαν

196 600 320 667 Ι)γο“ιρ
351 600 434 651 εᾶν
468 606 610 652 εἰπεῖν
646 602 766 668 ε”χοις
802 599 988 665 ἀιῖλλην
1024 601 1285 670 πρόφασιν,
1325 606 1382 653 δι’
1410 602 1467 666 ἢν
1502 610 1712 654 τοιοῦτον
1729 626 1763 655 15

196 684 400 750 ἐπήρθης
440 689 714 750 εἰσενεγκεῖν
740 686 897 748 νόμον,
924 684 981 750 θῆ
1017 685 1103 749 τὴν
1127 685 1324 737 ἰσαυτοῦ
1359 691 1480 740 θεοῖς
1511 688 1713 755 ἕέχθράν

198 768 617 834 ιἀἰσχροκέρδειαν
671 770 775 819 οὔτε
819 768 912 834 γὰρ
964 767 1215 834 ἰσυγγενὴς
1261 772 1357 820 οὔτ’
1406 774 1566 824 οἰκεῖος
1616 773 1712 822 οὔτ’

106 855 448 918 224ἀναγκαῖος
489 851 546 916 ἧν
590 876 669 903 σοι
710 854 888 904 τούτων
933 855 1092 916 οὐδεὶς,
1132 852 1257 904 Κούδ’
1305 852 1448 904 1ἐκεῖν’
1492 854 1549 904 ἂν
1592 856 1714 922 ἔχοις

199 940 354 999 εἰπεῖν,
379 938 441 990 ὡς
480 935 682 999 ἐλεήσας
717 936 841 987 δεινὰ
872 936 1149 1004 πάσχοντας
1175 937 1450 1003 ἀνθρώπους
1487 938 1613 988 εἵλου
1639 938 1714 988 διὰ

196 1025 344 1070 ταῦτα
368 1024 557 1083 βοηθεῖν
583 1021 752 1073 αὐτοῖς.
797 1022 899 1071 οὔτε
927 1020 1020 1086 γὰρ
1047 1021 1138 1071 ωτὸ
1165 1020 1223 1071 τὰ
1249 1020 1426 1072 τούτων
1450 1027 1713 1091 πολλοστῷ
1726 1050 1769 1070 20

198 1101 351 1170 χρόνῳ
378 1109 396 1127 ¹¹
405 1101 543 1165 μόλις
570 1102 782 1164 ἄκοντας,
822 1104 870 1152 ἐν
904 1105 1058 1167 τρισὶν
1093 1103 1455 1171 ἐξελεγχθέντας
1490 1107 1714 1167 δικαστη-

196 1187 323 1251 ρίοις,
352 1187 687 1249 Οκατατιθέναι,
721 1191 850 1237 τοῦθ’
879 1185 1047 1250 ἡγήσω
1085 1184 1139 1236 τὸ
1179 1185 1304 1236 δεινὰ
1342 1185 1548 1253 πάσχειν
1582 1185 1710 1237 εἶναι·

198 1274 370 1320 Ρποιεῖν
395 1269 489 1335 γάρ
525 1271 628 1319 ἐστι
668 1268 805 1319 τοῦτό
839 1291 893 1334 γε
928 1269 1067 1331 δεινὰ,
1095 1271 1169 1319 καὶ
1195 1269 1496 1337 (Ᾰπαροξύνειε
1524 1274 1715 1331 μᾶλλον

200 1352 257 1402 ἄν
282 1375 385 1402 τινα
419 1357 595 1415 Υμισεῖν
629 1351 656 1416 ἢ
682 1353 990 1420 προτρέψειεν
1023 1354 1181 1402 ἐλεεῖν·
1223 1353 1315 1402 οὔτ’
1344 1352 1530 1405 5οἴλλως
1567 1357 1714 1418 πρᾶος
1728 1381 1766 1411 25

201 1438 276 1486 καὶ
302 1435 639 1505 φιλάνθρωπος
666 1436 730 1486 συ’
756 1459 825 1489 τις
860 1440 953 1486 τῶν
981 1436 1147 1485 ἄλλων
1172 1434 1432 1502 ἵδιαφόρως
1458 1433 1551 1485 “ὦν
1577 1437 1716 1488 ἐλεεῖς

108 1538 186 1580 225
202 1519 383 1572 αὐτούς·
426 1520 479 1569 οὐ
517 1518 609 1585 γάρ
648 1521 750 1569 ἐστι
785 1522 866 1582 τῆς
908 1520 1048 1581 αὐτῆς
1084 1521 1244 1586 ψυχῆς
1282 1520 1599 1584 Ἀνδροτίωνα
1632 1518 1717 1582 μὲν

261 1604 274 1620 x

201 1625 277 1653 και
302 1601 636 1652 ΧΜελάνωπον
661 1604 735 1652 καὶ
762 1601 1033 1665 Γλαυκέτην
1060 1603 1215 1662 ἐλεεῖν,
1244 1599 1274 1651 ἃ
1300 1601 1565 1668 κλέψαντες
1590 1600 1716 1668 εἶχον

202 1690 239 1736 εἰ
274 1685 614 1749 καταθήσουσι,
642 1687 835 1736 τουτωνὶ
873 1685 920 1735 δὲ
953 1685 1195 1735 τοσούτων
1222 1684 1370 1735 ὄντων
1395 1687 1471 1735 καὶ
1501 1689 1595 1735 τῶν
1621 1685 1710 1735 ἄλ·
1733 1694 1812 1745 762

202 1776 302 1819 λων
326 1773 548 1830 πολιτῶν,
576 1767 640 1818 ὧν
671 1771 745 1819 ἐπὶ
780 1768 864 1822 τὰς
900 1769 1043 1821 οἰκίας
1080 1766 1283 1833 ἐβάδιζες
1317 1766 1382 1818 σὺ
1413 1766 1520 1820 τοὺς
1559 1768 1717 1819 ἕνδεκα

202 1855 277 1901 καὶ
302 1850 410 1904 τοὺς
436 1850 719 1904 Υάποδέκτας
745 1851 863 1917 ἔχων
890 1852 964 1901 καὶ
991 1849 1096 1903 τοὺς
1137 1850 1378 1916 ὑπηρέτας,
1404 1850 1578 1914 μηδένα
1609 1851 1713 1902 πώ-

258 2054 270 2078 ῖ
290 2052 372 2098 χρὴ]
398 2052 601 2085 Addebatur
621 2052 673 2085 καὶ
693 2053 854 2091 συνιέναι,
876 2053 970 2097 quod
989 2064 1058 2086 om.
1080 2052 1361 2086 A.S.Y.O.k.r.s.
1464 2057 1485 2076 ¹1
1505 2054 1626 2095 σαφῶς
1645 2063 1715 2085 om.

206 2106 279 2139 FN.
311 2108 434 2150 σαφῶς
454 2107 506 2138 καὶ
527 2104 570 2139 Ο.
725 2110 744 2128 X
766 2105 1063 2151 φενακιζομένους]
1087 2106 1290 2139 Addebatur
1311 2105 1407 2148 ὑμᾶς,
1429 2105 1524 2150 quod
1543 2117 1612 2139 om.
1634 2105 1715 2139 F.S.

204 2158 436 2192 Y.O.k.1·.s.v.
575 2163 595 2190 5
613 2157 830 2202 λογίζεσθαι]
854 2158 1063 2202 λογίσασθαι
1082 2159 1148 2192 k.S.
1298 2164 1315 2182 Ζ
1335 2157 1490 2203 τοιαῦτα]
1514 2160 1619 2191 ταῦτα
1639 2158 1715 2190 F.v.

206 2217 224 2236 a
252 2211 318 2256 δεῖ]
344 2211 383 2253 δὴ
404 2212 445 2244 Α.
468 2211 539 2253 (cui
564 2210 600 2243 δέ
620 2211 710 2243 male
729 2211 851 2244 tribuit
872 2211 1064 2255 Reiskius.)
1085 2211 1282 2245 Y.O.k.r.s.
1437 2207 1456 2235 b
1486 2211 1551 2255 γὰρ
1579 2222 1649 2244 om.
1671 2210 1716 2244 O.

206 2270 222 2289 ⁰
242 2263 282 2298 ἂν
300 2263 422 2309 εἰπεῖν]
447 2264 551 2297 εἰπεῖν
571 2261 610 2296 ἂν
630 2263 702 2296 Υ.ι·.
731 2262 772 2296 ἂν
791 2264 896 2297 εἰπεῖν
916 2262 955 2297 ἂν
976 2264 1020 2297 Ο.
1053 2262 1094 2297 ἂν
1113 2263 1219 2298 εἴποις
1240 2264 1316 2298 ΡΧ.
1464 2259 1483 2287 d
1502 2264 1613 2306 ἄλλην
1631 2264 1715 2306 πρό-

205 2316 333 2362 φασιν]
357 2319 536 2361 πρόφασιν
555 2316 662 2359 ἶῖλλην
683 2329 710 2349 r.
799 2322 814 2340 Ε
835 2316 871 2362 ἢ]
896 2317 987 2350 ἀλλὰ
1007 2316 1180 2351 A.Y.O.k.
1269 2313 1285 2340 f
1301 2318 1429 2350 σαυτοῦ
1451 2316 1486 2350 S.
1517 2318 1662 2349 σεαυτοῦ
1680 2316 1715 2350 S.

206 2376 226 2403 g
246 2370 387 2415 ἐχθρὰν]
413 2370 560 2413 αἰσχρὰν
580 2382 605 2402 S.
717 2365 737 2393 h
756 2369 1049 2415 αἰσχροκέρδειαν]
1075 2369 1334 2414 αἰσχροκερδίαν
1355 2369 1440 2403 S.O.
1560 2366 1569 2392 i
1590 2383 1716 2414 συγγε-

206 2423 263 2465 νὴς
282 2425 351 2455 οὔτ’
373 2421 508 2467 οἰκεῖος]
533 2422 652 2457 οἰκεῖος
671 2424 748 2455 οὔτε
768 2423 935 2467 συγγενὴς
954 2422 1268 2456 A.F.Y.O.k.r.s.v.
1380 2419 1399 2446 k
1425 2421 1514 2467 οὐδ’]
1540 2424 1616 2455 οὔτε
1638 2422 1716 2456 F.S.

207 2476 282 2511 Y.r.
403 2472 414 2499 l
433 2474 545 2519 ἐκεῖν’]
570 2475 681 2507 ἐκείνω
702 2476 737 2509 k.
859 2479 885 2495 m
906 2476 945 2508 τὸ
966 2487 1034 2509 om.
1054 2475 1325 2511 A.S.Y.k.r.S.V.
1444 2479 1460 2494 Π
1481 2476 1597 2521 μόλις]
1619 2476 1719 2517 μόγις

209 2529 288 2563 B.v.
411 2533 429 2552 0
449 2527 675 2572 κατατιθέναι]
701 2527 887 2561 καταθεῖναι
906 2528 1149 2563 A.Y.O.k.r.s.
1271 2534 1290 2561 P
1312 2529 1418 2562 ποιεῖν
1436 2529 1501 2573 γάρ
1521 2529 1596 2561 ἐστι
1616 2528 1718 2560 τοῦτό

206 2596 246 2627 γε
266 2581 373 2626 δεινὰ]
396 2581 488 2615 δεινὰ
507 2580 572 2625 γὰρ
591 2582 699 2613 ποιεῖν
718 2580 794 2613 ἐστὶ
812 2582 914 2613 τοῦτό
934 2595 973 2625 γε
994 2581 1071 2615 F.v.
1180 2587 1198 2614 q
1218 2579 1435 2626 παροξύνειε]
1459 2579 1660 2624 παροξύνειν
1681 2580 1716 2613 S.

207 2632 388 2679 παροξύνει
409 2633 451 2667 Ο.
563 2639 577 2656 Γ
597 2635 710 2676 μισεῖν
729 2639 810 2666 ante
829 2635 951 2677 παροξ.
972 2646 1003 2667 v.
1129 2639 1143 2658 S
1163 2633 1295 2678 ἄλλως]
1319 2634 1416 2680 ἄλλῳ
1435 2634 1551 2667 A.k.s.
1581 2632 1670 2665 ι’ίλλο
1690 2644 1718 2665 r.

209 2689 219 2709 1
239 2686 429 2732 διαφόρως]
454 2687 617 2730 διάφορος
639 2686 727 2719 libri.
759 2686 964 2719 correctum
984 2686 1020 2719 in
1041 2699 1149 2732 marg.
1172 2687 1227 2720 ed.
1252 2687 1360 2720 Paris.
1379 2699 1409 2719 a.
1435 2694 1546 2731 1570.
1577 2685 1719 2718 Falsum

208 2746 261 2774 est
281 2741 376 2785 quod
395 2741 566 2784 διαφόρως
586 2739 621 2772 in
641 2750 750 2784 marg.
767 2739 808 2772 B.
827 2739 994 2784 scriptum
1015 2751 1089 2773 esse
1110 2740 1158 2773 ajt
1178 2740 1353 2773 Reiskius.
1386 2739 1427 2771 In
1449 2739 1613 2782 διάφορος
1633 2749 1716 2771 con-

210 2794 315 2826 sentit
337 2793 373 2827 S.
395 2793 493 2836 cujus
522 2792 558 2825 in
587 2804 697 2836 marg.
718 2791 885 2836 seriptum
904 2806 960 2836 γρ.
981 2792 1156 2837 διάφορος,
1177 2792 1307 2825 librarii
1335 2792 1482 2825 fortasse
1512 2802 1626 2824 errore
1656 2802 1719 2834 pro

208 2860 265 2891 γρ.
287 2846 470 2891 διαφόρως.
621 2851 639 2869 ¹¹
667 2844 713 2877 ὢν
737 2844 861 2889 ἐλεεῖς]
895 2843 985 2878 ὥστε
1013 2846 1120 2878 ἐλεεῖν
1138 2859 1195 2890 γρ.
1219 2846 1256 2880 S.
1298 2845 1342 2877 ὢν
1361 2845 1494 2887 μᾶλλον
1513 2844 1619 2877 ἐλεεῖς
1639 2843 1717 2877 FN.

210 2904 229 2922 Χ
263 2899 462 2942 μελάνωπον
495 2898 547 2931 καὶ
583 2898 768 2943 γλαυκέτην
800 2897 914 2931 F.S.v.
959 2897 1158 2943 Legebatur
1190 2899 1378 2939 Γλαυκέτην
1409 2897 1461 2929 καὶ
1493 2896 1717 2929 Μελάνωπον.

211 2957 220 2980 ὃ
247 2951 448 2997 ἀποδέκτας]
470 2951 678 2985 ἀποδεκάτας
697 2950 808 2984 A.k.r.
