1954 3273
14 178 172 230 —456,
189 191 237 218 ιο.
654 183 797 220 ΠΡΟΣ
828 181 1136 219 AEnTlNHN.
1567 176 1651 218 489

136 293 196 328 τὰς
222 292 401 337 δεδομένας
425 294 588 335 βιάζεται.
627 297 674 341 τῷ
697 295 733 328 δὲ
760 293 875 341 δικαίῳ
903 293 1124 339 ἷσχυρίζεται,
1147 291 1198 325 ὅτι
1225 292 1263 325 οὐ
1291 291 1343 324 δεῖ
1368 290 1448 324 τοὺς
1473 290 1650 335 εὐεργέτας

134 355 338 401 ἀποστερεῖν
363 356 508 402 δωρεῶν.
551 357 662 403 τῴ-δέ
691 357 904 402 συμφέροντι
932 359 1057 402 τριχῶς
1085 355 1304 400 ἰσχυρίζεται,
1332 357 1467 399 πρῶτον
1495 354 1567 396 μὲν,
1595 352 1646 386 ὅτι
1664 361 1698 392 15

134 418 342 464 ἀσύμφορον
381 420 458 463 ὑμῖν
493 420 686 465 γενήσεται,
726 421 808 454 Γέὰν
844 421 923 456 τοὺς
962 421 1138 466 εὐεργέτας
1175 418 1371 464 ἀφαιρῆσθε
1409 418 1469 460 τὴν
1506 418 1645 462 δωρεάν·

135 480 244 514 οὐκέτι
263 481 329 526 γὰρ
348 483 366 514 ὁ
387 480 520 516 Λεύκων
538 482 669 526 πέμψει
692 483 752 515 τὸν
771 485 870 516 σῖτον
889 483 966 525 ὑμῖν
986 483 1021 516 ἐκ
1040 485 1101 516 τοῦ
1122 483 1315 526 Βοσπόρου.
1349 478 1507 524 δεύτερον
1526 479 1575 520 δέ,
1597 477 1649 511 ὅτι

133 542 339 589 ἀσύμφορον
368 545 444 588 ὑμῖν
472 547 580 579 ἔσται·
614 546 723 580 οὐκέτι
751 546 818 591 γὰρ
847 545 1061 591 εὐεργετήσει
1090 560 1142 580 τις
1169 545 1230 588 τὴν
1257 545 1371 582 πόλιν,
1403 541 1649 587 στερουμένους
1661 552 1701 573 20

133 608 193 650 τῆς
213 608 338 653 δωρεᾶς
357 609 445 653 ὁρῶν
462 609 541 644 τοὺς
560 609 698 644 ἄλλους.
731 608 847 655 τρίτον
866 610 914 650 δὲ,
935 609 986 643 ὅτι
1006 609 1205 654 ἀδοξήσετε.
1239 608 1355 651 δόξετε
1373 607 1439 653 γὰρ
1459 606 1649 652 ἀγνώμονες

131 667 227 706 εἶναι.

177 734 284 769 ’Ἔστι
299 736 335 770 δὲ
356 737 374 769 6
393 735 497 783 λόγος
515 736 613 773 οὗτος
628 737 878 784 δευτερολογία·
908 739 926 770 ὁ
945 736 1127 783 Ἀφεψίων
1141 738 1207 783 γὰρ
1223 737 1266 772 ὣς
1286 735 1520 782 πρεσβύτερος
1538 737 1648 776 ἔλαβε

130 799 192 842 τὴν
219 800 467 846 πρωτολογίαν.
511 802 632 835 οὐκοῦν
660 803 678 834 6
708 801 872 845 Λεπτίνης
903 801 1165 846 προηγουμένως
1193 803 1240 847 τῷ
1269 801 1480 845 συμφέροντι
1512 800 1644 843 χρῆται,
1661 809 1697 839 25

130 863 275 907 φάσκων
304 863 338 897 ἐν
365 866 487 898 σπάνει
515 865 717 899 καθεστάναι
745 865 806 908 τὴν
831 867 933 899 πόλιν
957 869 1025 899 τῶν
1049 863 1351 909 λειτουργούντων,
1373 864 1518 910 δευτέρῳ
1542 863 1578 896 δέ
1601 865 1648 909 τῷ

130 927 258 975 δικαίῳ,
286 927 369 973 ὅπερ
394 929 460 962 ἀπὸ
489 931 548 972 τῆς
577 929 736 973 ἰσότητος
763 930 946 974 θεωρεῖται·
977 929 1065 962 πάνυ
1090 929 1167 974 γὰρ,
1189 929 1292 973 φησὶ,
1314 928 1423 962 δεινόν
1452 927 1527 960 ε’στι
1555 927 1647 961 τινὰς
1659 933 1740 974 455

130 989 192 1032 μὲν
217 991 379 1024 πλουτεῖν
402 990 556 1027 ἀτελείας
582 992 858 1036 ἐπειλημμένους,
882 992 943 1035 τὴν
968 993 1071 1025 πόλιν
1096 991 1132 1024 δέ
1158 991 1241 1034 μηδὲ
1270 993 1334 1023 τῶν
1358 988 1648 1034 λειτουργούντων

130 1053 298 1099 εὐπορεῖν.
338 1056 573 1099 προβάλλεται
599 1056 635 1089 δέ
661 1057 679 1088 6
703 1055 815 1102 ῥήτωρ
838 1059 885 1103 τῷ
911 1057 972 1100 μὲν
997 1056 1106 1090 δοκεῖν
1130 1055 1190 1098 τὴν
1215 1053 1417 1100 κατηγορίαν
1442 1056 1502 1087 τοῦ
1529 1055 1645 1096 νόμου,

128 1116 378 1151 συνυποδύεται
407 1118 443 1151 δὲ
472 1119 525 1152 καὶ
553 1119 791 1161 κατασκευάζει
824 1120 877 1153 καὶ
908 1120 969 1163 τὴν
1001 1118 1176 1153 σύστασιν
1205 1121 1266 1152 τοῦ
1294 1118 1417 1152 οἰκείου
1447 1120 1563 1161 νόμου.
1611 1117 1676 1156 ε’ν5

128 1180 195 1225 γὰρ
221 1183 268 1227 τῷ
292 1179 422 1228 νομίμῳ
447 1182 621 1228 κεφαλαίῳ
650 1183 852 1225 καθίστησιν
877 1182 1178 1228 ἀνταναγινώσκων
1206 1183 1259 1215 καὶ
1286 1181 1464 1216 ἀντιτιθεὶς
1489 1182 1542 1214 καὶ
1567 1181 1645 1214 ἀντ-

130 1243 295 1286 εξετάζων
320 1243 536 1289 ἀμφοτέρους
561 1244 640 1279 τοὺς
669 1246 802 1288 νόμους,
829 1245 882 1278 καὶ
909 1245 949 1277 τὸ
975 1244 1142 1289 διάφορον
1168 1243 1252 1277 ὅσον
1277 1242 1416 1277 δεικνύς.
1462 1243 1515 1276 ἵνα
1540 1243 1576 1276 δέ
1602 1243 1646 1285 μὴ

129 1305 292 1351 ἐξαίφνης
323 1307 406 1351 μηδὲ
435 1307 657 1352 ἀναρμόστως
688 1308 876 1352 παρέχηται
905 1310 972 1340 τῶν
1003 1308 1113 1350 νόμων
1141 1306 1201 1349 τὴν
1232 1305 1418 1345 σύστασιν,
1449 1306 1484 1339 ἐκ
1513 1307 1647 1339 πολλοῦ
1663 1318 1700 1338 ῐο

129 1368 378 1414 παρεσκεύασε.
418 1371 470 1404 καὶ
497 1370 516 1413 ἡ
540 1372 656 1415 πρώτη
682 1385 722 1416 γε
745 1370 917 1405 ἀντίθεσις
942 1372 1002 1403 τοῦ
1030 1371 1137 1415 λόγου
1162 1372 1209 1416 τῷ
1235 1370 1297 1412 μὲν
1322 1370 1431 1402 δοκεῖν
1456 1370 1532 1401 ἔστι
1556 1369 1648 1413 παρὰ

130 1432 307 1474 Λεπτίνου,
328 1436 369 1477 τῇ
389 1433 418 1467 δ’
438 1434 578 1479 ἀληθείᾳ
596 1435 681 1479 πρὸς
700 1434 874 1467 σύστασιν
892 1436 953 1467 τοῦ
977 1433 1100 1466 οἷκείου
1124 1434 1364 1478 συμφέροντος
1387 1431 1573 1477 ἐξεύρηται,
1595 1430 1648 1465 ἵνα

129 1497 290 1542 φαίνηται
316 1499 334 1530 ὁ
361 1498 528 1533 ἀντίδικος
553 1499 612 1532 τὸν
635 1498 876 1542 Δημοσθένους
903 1497 1051 1543 εἰσάγων
1076 1499 1190 1541 νόμον.
1229 1497 1263 1530 τί
1284 1497 1349 1542 γὰρ
1369 1497 1387 1529 6
1408 1496 1648 1540 Δημοσθένους
1663 1508 1698 1538 15

128 1559 292 1602 βούλεται
317 1562 439 1605 νόμος;
470 1562 530 1596 τὰς
553 1562 690 1607 δωρεὰς,
713 1561 797 1597 ὅσας
823 1563 840 1595 6
866 1561 971 1605 δῆμος
996 1562 1109 1601 ἔδωκε,
1132 1560 1245 1606 κυρίας
1271 1557 1365 1600 εἶναι,
1390 1561 1469 1595 τοὺς
1491 1561 1526 1594 δέ
1552 1561 1647 1604 ἕχον-

128 1639 189 1659 τας
209 1625 394 1670 κρίνεσθαι,
416 1623 469 1667 ἵν’,
491 1626 520 1659 εἶ
544 1627 606 1669 μὲν
628 1625 729 1670 ἄξιοι,
751 1627 890 1670 ἔχωσιν,
913 1626 942 1659 εἷ
966 1625 1002 1659 δέ
1028 1625 1170 1669 ἀναξίως
1193 1626 1284 1669 ἔχειν
1303 1625 1442 1665 δοκοῖεν,
1463 1624 1645 1669 ἐλεγχθέν-

127 1702 184 1723 τες
208 1688 454 1733 ἀφαιρεθῶσιν.
493 1689 615 1723 οὐκοῦν
637 1690 738 1725 αὐτὸς
757 1690 775 1722 6
796 1689 961 1732 Λεπτίνης
979 1691 1039 1723 τὸν
1059 1689 1298 1732 Δημοσθένους
1323 1690 1425 1731 νόμον
1451 1686 1644 1732 κεκύρωκεν.
1661 1698 1701 1719 20

129 1750 192 1784 5τί
215 1751 303 1796 γάρ;
335 1751 480 1785 αἰτιᾶται
506 1751 576 1786 κατ’
596 1752 703 1798 ἀρχὰς
729 1752 826 1788 εὐθὺς
851 1752 903 1786 ὅτι
928 1753 1057 1786 πολλοὶ
1080 1755 1147 1785 τῶν
1173 1752 1366 1796 εἰληφότων
1392 1751 1480 1785 εἷσὶν
1504 1751 1646 1794 ἀνάξιοι·

129 1814 251 1847 οὐκοῦν
276 1815 347 1858 ἔχει
373 1816 432 1850 τὸν
455 1816 695 1859 Δημοσθένους
721 1815 824 1860 νόμον
848 1815 928 1850 τοὺς
952 1815 1108 1859 ἀναξίους
1131 1815 1333 1860 ἐκκρίνοντα.
1373 1815 1426 1848 καὶ
1446 1812 1572 1848 troia-o
1593 1814 1648 1847 διὰ

128 1878 263 1911 πάντων
283 1879 524 1924 κατέσπαρται·
555 1880 572 1912 ὁ
591 1880 657 1924 γὰρ
677 1880 786 1914 πολὺς
805 1880 882 1924 περὶ
904 1879 1008 1912 αὐτοῦ
1033 1879 1138 1923 λόγος
1162 1877 1261 1919 ἐθίζει
1282 1878 1362 1912 τοὺς
1381 1877 1543 1912 δικαστὰς
1561 1877 1647 1922 πρὸς
1662 1883 1698 1914 25

128 1940 191 1984 τὴν
208 1943 270 1975 τοῦ
289 1943 393 1985 νόμου
415 1944 500 1986 μετὰ
523 1943 641 1988 μικρὸν
663 1942 866 1988 ἀνάγνωσιν.
905 1942 985 1975 ἷδὼν
1011 1942 1047 1975 δέ
1074 1941 1126 1975 ὅτι
1153 1941 1316 1984 Λεπτίνης
1340 1941 1464 1974 ἐκεῖνον
1491 1941 1562 1985 ἕχει
1588 1940 1648 1974 τὸν

129 2004 357 2051 ἰσχυρότατον
381 2006 499 2051 λόγον,
527 2005 571 2040 ὡς
594 2004 636 2039 ἂν
661 2007 693 2038 οἱ
720 2006 976 2038 πλουσιώτατοι
1001 2006 1241 2049 λειτουργῶσι,
1269 2003 1394 2047 μηδένα
1419 2003 1521 2046 ἀτελῆ
1548 1999 1645 2042 εἶναι,

128 2068 168 2102 οὐ
201 2067 326 2112 ταύτην
358 2070 454 2112 ἕθηκε
486 2069 741 2115 προηγουμένην
772 2068 954 2108 ἀντίθεσιν,
985 2067 1077 2101 ἀλλὰ
1105 2067 1166 2110 τὴν
1193 2069 1451 2101 λυσιτελοῦσαν
1478 2066 1569 2113 αὑτῷ
1595 2067 1648 2100 καὶ
1659 2060 1743 2111 456

129 2132 190 2175 τὴν
216 2133 416 2176 μέλλουσαν
440 2133 615 2178 εἰσφέρειν
640 2133 700 2166 τὸν
728 2131 806 2177 παρ’
827 2132 931 2166 αὑτοῦ
957 2134 1070 2176 νόμον.
1115 2131 1196 2165 ὅταν
1221 2132 1286 2176 γὰρ
1311 2130 1396 2177 λέγῃ
1421 2136 1444 2149 “
1459 2131 1511 2164 καὶ
1539 2130 1648 2177 τούτῳ

131 2200 154 2214 ‘¹
174 2196 329 2243 πλείστῳ
355 2196 522 2242 χρήσεται
550 2199 598 2244 τῷ
629 2196 759 2244 λόγῳ,”
789 2197 970 2242 σοφίζεται
999 2196 1080 2230 τοὺς
1107 2194 1298 2230 ἀκούοντας·
1334 2195 1374 2228 οὐ
1401 2197 1468 2240 γὰρ
1497 2196 1543 2241 τῷ
1570 2195 1676 2239 περὶ5

129 2260 198 2292 τῶν
225 2258 369 2304 ἀναξίων
396 2261 518 2307 πολλῷ
545 2259 711 2305 χρήσεται
737 2261 846 2306 λόγῳ,
876 2258 968 2292 ἀλλὰ
995 2261 1043 2305 τῷ
1069 2259 1227 2302 δηλονότι
1256 2258 1430 2299 σπανίζειν
1457 2257 1518 2300 τὴν
1546 2256 1648 2291 πόλιν

129 2323 198 2354 τῶν
221 2320 524 2367 λειτουργούντων,
551 2323 605 2356 καὶ
633 2325 680 2369 τῷ
709 2323 899 2367 συμφέρειν
926 2321 1139 2365 μετατιθέναι
1166 2321 1226 2356 τὰς
1253 2320 1466 2366 λειτουργίας
1491 2320 1557 2354 ἀπὸ
1583 2324 1649 2354 τῶν

128 2383 264 2430 ἀπόρων
283 2385 330 2420 εἷς
347 2385 427 2420 τοὺς
446 2386 620 2431 εὐπόρους.

174 2447 281 2482 ’Ἐστι
301 2448 337 2482 δὲ
356 2449 396 2482 τὸ
415 2449 477 2493 μὲν
495 2445 583 2484 εἶδος
601 2451 662 2483 τοῦ
684 2450 792 2494 λόγου
812 2449 990 2491 δικανικὸν,
1012 2447 1044 2483 εἴ
1065 2463 1105 2494 γε
1130 2449 1241 2494 κρίσις
1263 2448 1360 2481 ἐστὶν
1379 2448 1434 2481 ἐπὶ
1452 2448 1511 2481 τὸν
1531 2449 1645 2491 νόμον,
1665 2457 1700 2477 10

129 2509 150 2553 ἡ
175 2509 214 2543 δέ
237 2524 278 2555 γε
303 2508 367 2553 ὕλη
392 2510 489 2543 πᾶσά
515 2510 591 2544 ἐστι
617 2511 733 2553 διπλῆ,
754 2511 807 2544 καὶ
832 2509 955 2554 ταύτης
980 2510 998 2553 ἡ
1024 2511 1086 2555 μέν
1111 2511 1187 2544 ἐστι
1211 2510 1371 2553 δικανικὴ,
1393 2510 1411 2553 ἡ
1431 2511 1467 2544 δέ
1491 2512 1645 2553 συμβου·

128 2571 277 2616 λευτικὴ.
317 2571 426 2618 εὕροις
445 2571 474 2606 δ’
494 2571 535 2606 ἂν
554 2573 632 2607 οὐδὲ
652 2575 876 2619 πανηγυρικῆς
897 2574 985 2608 ι’δέας
1006 2573 1213 2618 ἀμοιροῦντα
1231 2574 1290 2607 τὸν
1309 2575 1426 2619 λόγον,
1450 2574 1484 2606 ἐν
1504 2571 1554 2607 οἷς
1572 2587 1645 2606 πει-

127 2637 227 2679 ρᾶται
256 2635 434 2680 σεμνύνειν
461 2635 607 2670 ἕκαστον
634 2639 701 2670 τῶν
727 2636 922 2681 εὐεργετῶν·
954 2637 1007 2670 καὶ
1031 2636 1098 2682 γὰρ
1123 2636 1266 2670 ἐνταῦθα
1292 2636 1447 2681 εὑρήσεις
1475 2636 1551 2680 ἄξια
1579 2639 1646 2669 τῶν
1664 2647 1696 2676 15

129 2697 261 2743 ἀνδρῶν
279 2699 437 2744 ἐγκώμια,
459 2700 509 2733 καὶ
533 2701 659 2745 λόγους
682 2698 840 2744 εὐφήμως
866 2699 1097 2745 ἁρμόττοντας
1121 2700 1194 2734 ταῖς
1219 2698 1350 2732 ἐκείνων
1376 2700 1554 2744 πράξεσιν,
1576 2696 1647 2732 οἷον

186 2843 202 2862 ¹·
221 2838 279 2871 ἐὰν
298 2838 626 2885 τοὺς-ἀφαιρῆσθε
647 2840 694 2874 Η.
707 2840 870 2874 Wolfius.
901 2839 1314 2885 ἑαυτοὺς-ἀφαιρεῖσθαι
1334 2839 1452 2883 vulgo.
1578 2841 1592 2860 S
1613 2837 1647 2869 τί

131 2890 197 2935 γάρ
217 2891 301 2924 F.A.
316 2891 476 2927 Wolfius.
518 2893 716 2939 Legebatur
735 2893 784 2926 ἔτι
802 2894 880 2938 γάρ.
1000 2892 1014 2917 t
1033 2894 1134 2927 τοῦτο
1155 2893 1208 2926 διὰ
1230 2892 1277 2925 Η.
1291 2891 1451 2924 Wolfius.
1488 2889 1644 2935 Legeba-

131 2948 190 2977 tur
209 2943 264 2977 διὰ
283 2946 397 2979 τοῦτο.

860 3019 929 3047 ΒΖ
