<?xml version="1.0" encoding="UTF-8"?>
<!DOCTYPE html PUBLIC "-//W3C//DTD XHTML 1.0 Transitional//EN"
    "http://www.w3.org/TR/xhtml1/DTD/xhtml1-transitional.dtd">
<html xmlns="http://www.w3.org/1999/xhtml" xml:lang="en" lang="en">
 <head>
  <title>
</title>
<meta http-equiv="Content-Type" content="text/html;charset=utf-8" />
  <meta name='ocr-system' content='tesseract 3.04.00' />
  <meta name='ocr-capabilities' content='ocr_page ocr_carea ocr_par ocr_line ocrx_word'/>
</head>
<body>
  <div class='ocr_page' id='page_1' title='image "./operaexrecension02demouoft_0068.png"; bbox 0 0 1954 3273; ppageno 0'>
   <div class='ocr_carea' id='block_1_1' title="bbox 152 163 1792 218">
    <p class='ocr_par' dir='ltr' id='par_1_1' title="bbox 152 163 1792 218">
     <span class='ocr_line' id='line_1_1' title="bbox 152 163 1792 218; baseline 0.001 -13"><span class='ocrx_word' id='word_1_1' title='bbox 152 166 236 205; x_wconf 85' lang='lat'>540</span> <span class='ocrx_word' id='word_1_2' title='bbox 696 166 1123 205; x_wconf 73' lang='grc' dir='ltr'>ΔΗΜΟΣΘΕΝΟὙΣ</span> <span class='ocrx_word' id='word_1_3' title='bbox 1256 164 1338 203; x_wconf 78' lang='lat' dir='ltr'>On.</span> <span class='ocrx_word' id='word_1_4' title='bbox 1363 163 1500 203; x_wconf 90' lang='lat' dir='ltr'>XXI.</span> <span class='ocrx_word' id='word_1_5' title='bbox 1523 178 1564 218; x_wconf 93' lang='lat' dir='ltr'>p.</span> <span class='ocrx_word' id='word_1_6' title='bbox 1581 170 1792 218; x_wconf 74' lang='lat'>51&#39;3‚27—</span> 
     </span>
    </p>
   </div>
   <div class='ocr_carea' id='block_1_2' title="bbox 152 276 1766 707">
    <p class='ocr_par' dir='ltr' id='par_1_2' title="bbox 152 276 1766 707">
     <span class='ocr_line' id='line_1_2' title="bbox 200 276 1667 325; baseline -0.002 -11"><span class='ocrx_word' id='word_1_7' title='bbox 200 279 306 325; x_wconf 81' lang='grc' dir='ltr'>’Όρος</span> <span class='ocrx_word' id='word_1_8' title='bbox 327 280 409 314; x_wconf 84' lang='grc' dir='ltr'>κατὰ</span> <span class='ocrx_word' id='word_1_9' title='bbox 429 278 622 325; x_wconf 74' lang='grc' dir='ltr'>σύλληψιν.</span> <span class='ocrx_word' id='word_1_10' title='bbox 662 281 799 325; x_wconf 81' lang='grc' dir='ltr'>λέγεται</span> <span class='ocrx_word' id='word_1_11' title='bbox 818 280 855 313; x_wconf 82' lang='grc' dir='ltr'>δέ</span> <span class='ocrx_word' id='word_1_12' title='bbox 880 278 998 317; x_wconf 81' lang='grc' dir='ltr'>οὕτως,</span> <span class='ocrx_word' id='word_1_13' title='bbox 1019 277 1100 312; x_wconf 86' lang='grc' dir='ltr'>ὅταν</span> <span class='ocrx_word' id='word_1_14' title='bbox 1123 281 1185 312; x_wconf 85' lang='grc' dir='ltr'>τοῦ</span> <span class='ocrx_word' id='word_1_15' title='bbox 1211 276 1399 323; x_wconf 78' lang='grc' dir='ltr'>φεύγοντος</span> <span class='ocrx_word' id='word_1_16' title='bbox 1425 277 1667 321; x_wconf 80' lang='grc' dir='ltr'>ἁντονομάζον-</span> 
     </span>
     <span class='ocr_line' id='line_1_3' title="bbox 152 338 1766 389; baseline -0.001 -13"><span class='ocrx_word' id='word_1_17' title='bbox 152 357 211 378; x_wconf 88' lang='grc' dir='ltr'>τος</span> <span class='ocrx_word' id='word_1_18' title='bbox 229 344 247 376; x_wconf 88' lang='grc' dir='ltr'>ὁ</span> <span class='ocrx_word' id='word_1_19' title='bbox 268 343 395 377; x_wconf 82' lang='grc' dir='ltr'>διώκων</span> <span class='ocrx_word' id='word_1_20' title='bbox 414 343 467 376; x_wconf 80' lang='grc' dir='ltr'>καὶ</span> <span class='ocrx_word' id='word_1_21' title='bbox 490 341 600 389; x_wconf 73' lang='grc' dir='ltr'>τούτῳ</span> <span class='ocrx_word' id='word_1_22' title='bbox 619 342 757 388; x_wconf 82' lang='grc' dir='ltr'>κάκείνῳ</span> <span class='ocrx_word' id='word_1_23' title='bbox 780 340 967 377; x_wconf 80' lang='grc' dir='ltr'>ὑπεύθυνον</span> <span class='ocrx_word' id='word_1_24' title='bbox 992 342 1094 376; x_wconf 78' lang='grc' dir='ltr'>αὐτὸν</span> <span class='ocrx_word' id='word_1_25' title='bbox 1120 338 1203 375; x_wconf 78' lang='grc' dir='ltr'>εἶναι</span> <span class='ocrx_word' id='word_1_26' title='bbox 1227 343 1312 386; x_wconf 88' lang='grc' dir='ltr'>λε’γῃ</span> <span class='ocrx_word' id='word_1_27' title='bbox 1338 342 1385 388; x_wconf 76' lang='grc' dir='ltr'>τῷ</span> <span class='ocrx_word' id='word_1_28' title='bbox 1409 341 1558 385; x_wconf 82' lang='grc' dir='ltr'>ὀνόματι,</span> <span class='ocrx_word' id='word_1_29' title='bbox 1579 340 1766 389; x_wconf 77' lang='grc' dir='ltr'>ὥστε514</span> 
     </span>
     <span class='ocr_line' id='line_1_4' title="bbox 153 404 1667 451; baseline -0.002 -10"><span class='ocrx_word' id='word_1_30' title='bbox 153 408 296 442; x_wconf 82' lang='grc' dir='ltr'>διπλοῦς</span> <span class='ocrx_word' id='word_1_31' title='bbox 315 407 421 447; x_wconf 85' lang='grc' dir='ltr'>ἐστὶν,</span> <span class='ocrx_word' id='word_1_32' title='bbox 443 406 517 440; x_wconf 82' lang='grc' dir='ltr'>ε’πεὶ</span> <span class='ocrx_word' id='word_1_33' title='bbox 542 405 602 440; x_wconf 81' lang='grc' dir='ltr'>δύο</span> <span class='ocrx_word' id='word_1_34' title='bbox 628 405 778 451; x_wconf 82' lang='grc' dir='ltr'>περιέχει</span> <span class='ocrx_word' id='word_1_35' title='bbox 805 404 1009 450; x_wconf 83' lang='grc' dir='ltr'>ἐγκλήματα.</span> <span class='ocrx_word' id='word_1_36' title='bbox 1047 405 1261 450; x_wconf 82' lang='grc' dir='ltr'>παράδειγμα</span> <span class='ocrx_word' id='word_1_37' title='bbox 1286 406 1304 437; x_wconf 91' lang='grc' dir='ltr'>ὁ</span> <span class='ocrx_word' id='word_1_38' title='bbox 1330 406 1522 450; x_wconf 83' lang='grc' dir='ltr'>στρατηγὸς</span> <span class='ocrx_word' id='word_1_39' title='bbox 1548 406 1566 438; x_wconf 86' lang='grc' dir='ltr'>ὁ</span> <span class='ocrx_word' id='word_1_40' title='bbox 1591 407 1667 445; x_wconf 80' lang='grc' dir='ltr'>βια-</span> 
     </span>
     <span class='ocr_line' id='line_1_5' title="bbox 155 468 1699 515; baseline -0.002 -11"><span class='ocrx_word' id='word_1_41' title='bbox 155 472 301 514; x_wconf 89' lang='grc' dir='ltr'>σάμενος</span> <span class='ocrx_word' id='word_1_42' title='bbox 325 471 386 514; x_wconf 86' lang='grc' dir='ltr'>τὴν</span> <span class='ocrx_word' id='word_1_43' title='bbox 413 470 661 515; x_wconf 83' lang='grc' dir='ltr'>παρατεθεῖσαν</span> <span class='ocrx_word' id='word_1_44' title='bbox 687 470 787 514; x_wconf 85' lang='grc' dir='ltr'>κόρην</span> <span class='ocrx_word' id='word_1_45' title='bbox 812 468 878 502; x_wconf 86' lang='grc' dir='ltr'>ὑπὸ</span> <span class='ocrx_word' id='word_1_46' title='bbox 903 470 964 502; x_wconf 86' lang='grc' dir='ltr'>τοῦ</span> <span class='ocrx_word' id='word_1_47' title='bbox 989 469 1217 513; x_wconf 82' lang='grc' dir='ltr'>πρεσβευτοῦ,</span> <span class='ocrx_word' id='word_1_48' title='bbox 1239 469 1290 502; x_wconf 83' lang='grc' dir='ltr'>καὶ</span> <span class='ocrx_word' id='word_1_49' title='bbox 1315 468 1488 511; x_wconf 83' lang='grc' dir='ltr'>δημοσίων</span> <span class='ocrx_word' id='word_1_50' title='bbox 1510 468 1668 512; x_wconf 86' lang='grc' dir='ltr'>ἀδικημά-</span> <span class='ocrx_word' id='word_1_51' title='bbox 1683 477 1699 507; x_wconf 90' lang='lat'>5</span> 
     </span>
     <span class='ocr_line' id='line_1_6' title="bbox 153 530 1671 579; baseline -0.003 -11"><span class='ocrx_word' id='word_1_52' title='bbox 153 550 219 568; x_wconf 90' lang='grc' dir='ltr'>των</span> <span class='ocrx_word' id='word_1_53' title='bbox 245 535 448 579; x_wconf 84' lang='grc' dir='ltr'>κρινόμενος,</span> <span class='ocrx_word' id='word_1_54' title='bbox 476 534 528 567; x_wconf 87' lang='grc' dir='ltr'>καὶ</span> <span class='ocrx_word' id='word_1_55' title='bbox 553 532 814 578; x_wconf 84' lang='grc' dir='ltr'>ἀποκρινόμενος</span> <span class='ocrx_word' id='word_1_56' title='bbox 842 532 887 576; x_wconf 90' lang='grc' dir='ltr'>μὴ</span> <span class='ocrx_word' id='word_1_57' title='bbox 913 532 1059 576; x_wconf 80' lang='grc' dir='ltr'>δημοσίᾳ</span> <span class='ocrx_word' id='word_1_58' title='bbox 1083 530 1279 575; x_wconf 84' lang='grc' dir='ltr'>ἠδικηκέναι,</span> <span class='ocrx_word' id='word_1_59' title='bbox 1307 532 1397 565; x_wconf 86' lang='grc' dir='ltr'>ἀλλὰ</span> <span class='ocrx_word' id='word_1_60' title='bbox 1422 532 1625 572; x_wconf 81' lang='grc' dir='ltr'>βιάσασθαι,</span> <span class='ocrx_word' id='word_1_61' title='bbox 1653 532 1671 564; x_wconf 90' lang='grc' dir='ltr'><strong><em>ὁ</em></strong></span> 
     </span>
     <span class='ocr_line' id='line_1_7' title="bbox 154 592 1673 644; baseline -0.002 -12"><span class='ocrx_word' id='word_1_62' title='bbox 154 599 191 632; x_wconf 77' lang='grc' dir='ltr'>δὲ</span> <span class='ocrx_word' id='word_1_63' title='bbox 210 597 424 644; x_wconf 83' lang='grc' dir='ltr'>πρεσβευτὴς</span> <span class='ocrx_word' id='word_1_64' title='bbox 442 596 649 643; x_wconf 84' lang='grc' dir='ltr'>ἀμφοτέροις</span> <span class='ocrx_word' id='word_1_65' title='bbox 668 597 770 630; x_wconf 78' lang='grc' dir='ltr'>αὐτὸν</span> <span class='ocrx_word' id='word_1_66' title='bbox 786 598 930 641; x_wconf 82' lang='grc' dir='ltr'>φάσκων</span> <span class='ocrx_word' id='word_1_67' title='bbox 949 595 1135 630; x_wconf 77' lang='grc' dir='ltr'>ὑπεύθυνον</span> <span class='ocrx_word' id='word_1_68' title='bbox 1151 592 1245 630; x_wconf 74' lang='grc' dir='ltr'>εἶναι.</span> <span class='ocrx_word' id='word_1_69' title='bbox 1277 598 1315 630; x_wconf 86' lang='grc' dir='ltr'>τὸ</span> <span class='ocrx_word' id='word_1_70' title='bbox 1335 596 1515 641; x_wconf 89' lang='grc' dir='ltr'>προοίμιον</span> <span class='ocrx_word' id='word_1_71' title='bbox 1530 595 1596 629; x_wconf 76' lang='grc' dir='ltr'>ἀπὸ</span> <span class='ocrx_word' id='word_1_72' title='bbox 1612 599 1673 629; x_wconf 84' lang='grc' dir='ltr'>τοῦ</span> 
     </span>
     <span class='ocr_line' id='line_1_8' title="bbox 154 658 1726 707; baseline -0.002 -11"><span class='ocrx_word' id='word_1_73' title='bbox 154 662 335 703; x_wconf 79' lang='grc' dir='ltr'>ἀντιδίκου,</span> <span class='ocrx_word' id='word_1_74' title='bbox 353 663 371 694; x_wconf 90' lang='grc' dir='ltr'>ὁ</span> <span class='ocrx_word' id='word_1_75' title='bbox 392 662 428 695; x_wconf 81' lang='grc' dir='ltr'>δέ</span> <span class='ocrx_word' id='word_1_76' title='bbox 447 663 552 707; x_wconf 83' lang='grc' dir='ltr'>λόγος</span> <span class='ocrx_word' id='word_1_77' title='bbox 571 661 612 695; x_wconf 87' lang='grc' dir='ltr'>δι’</span> <span class='ocrx_word' id='word_1_78' title='bbox 634 662 707 696; x_wconf 85' lang='grc' dir='ltr'>ἑνὸς</span> <span class='ocrx_word' id='word_1_79' title='bbox 726 659 835 695; x_wconf 75' lang='grc' dir='ltr'>εἴδους</span> <span class='ocrx_word' id='word_1_80' title='bbox 853 661 1050 706; x_wconf 83' lang='grc' dir='ltr'>προάγεται,</span> <span class='ocrx_word' id='word_1_81' title='bbox 1073 661 1170 703; x_wconf 61' lang='lat' dir='ltr'>eff-roz</span> <span class='ocrx_word' id='word_1_82' title='bbox 1190 661 1368 694; x_wconf 82' lang='grc' dir='ltr'>δικανικοῦ·</span> <span class='ocrx_word' id='word_1_83' title='bbox 1392 658 1516 693; x_wconf 80' lang='grc' dir='ltr'>τούτου</span> <span class='ocrx_word' id='word_1_84' title='bbox 1535 660 1601 705; x_wconf 87' lang='grc' dir='ltr'>γὰρ</span> <span class='ocrx_word' id='word_1_85' title='bbox 1621 660 1673 693; x_wconf 84' lang='grc' dir='ltr'>καὶ</span> <span class='ocrx_word' id='word_1_86' title='bbox 1690 672 1726 694; x_wconf 88' lang='lat'>10</span> 
     </span>
    </p>
   </div>
   <div class='ocr_carea' id='block_1_3' title="bbox 155 723 1151 768">
    <p class='ocr_par' dir='ltr' id='par_1_3' title="bbox 155 723 1151 768">
     <span class='ocr_line' id='line_1_9' title="bbox 155 723 1151 768; baseline -0.003 -8"><span class='ocrx_word' id='word_1_87' title='bbox 155 728 194 760; x_wconf 81' lang='grc' dir='ltr'>τὸ</span> <span class='ocrx_word' id='word_1_88' title='bbox 213 728 313 761; x_wconf 84' lang='grc' dir='ltr'>τέλος</span> <span class='ocrx_word' id='word_1_89' title='bbox 331 726 370 760; x_wconf 83' lang='grc' dir='ltr'>τὸ</span> <span class='ocrx_word' id='word_1_90' title='bbox 390 726 518 760; x_wconf 85' lang='grc' dir='ltr'>δίκαιον</span> <span class='ocrx_word' id='word_1_91' title='bbox 537 726 590 759; x_wconf 84' lang='grc' dir='ltr'>καὶ</span> <span class='ocrx_word' id='word_1_92' title='bbox 611 725 629 768; x_wconf 87' lang='grc' dir='ltr'>ἡ</span> <span class='ocrx_word' id='word_1_93' title='bbox 650 725 836 768; x_wconf 87' lang='grc' dir='ltr'>κατασκευὴ</span> <span class='ocrx_word' id='word_1_94' title='bbox 858 725 913 758; x_wconf 88' lang='grc' dir='ltr'>διὰ</span> <span class='ocrx_word' id='word_1_95' title='bbox 932 727 993 758; x_wconf 79' lang='grc' dir='ltr'>τοῦ</span> <span class='ocrx_word' id='word_1_96' title='bbox 1013 723 1151 758; x_wconf 81' lang='grc' dir='ltr'>δικαίου.</span> 
     </span>
    </p>
   </div>
   <div class='ocr_carea' id='block_1_4' title="bbox 124 804 1778 2479">
    <p class='ocr_par' dir='ltr' id='par_1_4' title="bbox 124 804 1778 2479">
     <span class='ocr_line' id='line_1_10' title="bbox 158 804 1677 892; baseline -0.001 -13"><span class='ocrx_word' id='word_1_97' title='bbox 158 804 326 879; x_wconf 84' lang='grc' dir='ltr'>ΤΗΝ</span> <span class='ocrx_word' id='word_1_98' title='bbox 377 826 461 889; x_wconf 80' lang='grc' dir='ltr'>μὲν</span> <span class='ocrx_word' id='word_1_99' title='bbox 511 826 780 892; x_wconf 79' lang='grc' dir='ltr'>ἀσέλγειαν,</span> <span class='ocrx_word' id='word_1_100' title='bbox 834 823 909 876; x_wconf 65' lang='lat'>‘¹63</span> <span class='ocrx_word' id='word_1_101' title='bbox 962 826 1125 892; x_wconf 79' lang='grc' dir='ltr'>ἄνδρες</span> <span class='ocrx_word' id='word_1_102' title='bbox 1175 828 1407 888; x_wconf 74' lang='grc' dir='ltr'>δικασταὶ,</span> <span class='ocrx_word' id='word_1_103' title='bbox 1458 829 1534 877; x_wconf 82' lang='grc' dir='ltr'>καὶ</span> <span class='ocrx_word' id='word_1_104' title='bbox 1591 826 1677 890; x_wconf 89' lang='grc' dir='ltr'>τὴν</span> 
     </span>
     <span class='ocr_line' id='line_1_11' title="bbox 158 908 1674 977; baseline -0.001 -15"><span class='ocrx_word' id='word_1_105' title='bbox 158 913 307 977; x_wconf 79' lang='grc' dir='ltr'>ὕβριν,</span> <span class='ocrx_word' id='word_1_106' title='bbox 341 908 371 977; x_wconf 81' lang='grc' dir='ltr'><em>ᾗ</em></span> <span class='ocrx_word' id='word_1_107' title='bbox 410 908 529 976; x_wconf 77' lang='grc' dir='ltr'>πρὸς</span> <span class='ocrx_word' id='word_1_108' title='bbox 569 908 780 963; x_wconf 82' lang='grc' dir='ltr'>ἅπαντας</span> <span class='ocrx_word' id='word_1_109' title='bbox 814 911 882 959; x_wconf 77' lang='grc' dir='ltr'>ἀεὶ</span> <span class='ocrx_word' id='word_1_110' title='bbox 920 912 1089 976; x_wconf 82' lang='grc' dir='ltr'>χρῆται</span> <span class='ocrx_word' id='word_1_111' title='bbox 1130 911 1340 971; x_wconf 79' lang='grc' dir='ltr'>Μειδίας,</span> <span class='ocrx_word' id='word_1_112' title='bbox 1377 909 1540 961; x_wconf 77' lang='grc' dir='ltr'>οὐδένα</span> <span class='ocrx_word' id='word_1_113' title='bbox 1579 911 1674 960; x_wconf 77' lang='grc' dir='ltr'>οὔθ’</span> 
     </span>
     <span class='ocr_line' id='line_1_12' title="bbox 158 991 1676 1059; baseline -0.001 -13"><span class='ocrx_word' id='word_1_114' title='bbox 158 997 286 1058; x_wconf 82' lang='grc' dir='ltr'>ὑμῶν</span> <span class='ocrx_word' id='word_1_115' title='bbox 325 996 428 1045; x_wconf 79' lang='grc' dir='ltr'>οὔτε</span> <span class='ocrx_word' id='word_1_116' title='bbox 465 998 560 1044; x_wconf 82' lang='grc' dir='ltr'>τῶν</span> <span class='ocrx_word' id='word_1_117' title='bbox 598 993 765 1044; x_wconf 76' lang='grc' dir='ltr'>ἄλλων</span> <span class='ocrx_word' id='word_1_118' title='bbox 801 997 1012 1044; x_wconf 81' lang='grc' dir='ltr'>πολιτῶν</span> <span class='ocrx_word' id='word_1_119' title='bbox 1044 994 1229 1057; x_wconf 83' lang='grc' dir='ltr'>ἀγνοεῖν</span> <span class='ocrx_word' id='word_1_120' title='bbox 1264 991 1435 1056; x_wconf 58' lang='grc' dir='ltr'>εἴοἶμαι.</span> <span class='ocrx_word' id='word_1_121' title='bbox 1498 992 1589 1059; x_wconf 82' lang='grc' dir='ltr'>ἐγὼ</span> <span class='ocrx_word' id='word_1_122' title='bbox 1622 995 1676 1055; x_wconf 88' lang='grc' dir='ltr'>δ’,</span> 
     </span>
     <span class='ocr_line' id='line_1_13' title="bbox 158 1076 1706 1145; baseline -0.002 -16"><span class='ocrx_word' id='word_1_123' title='bbox 158 1078 272 1144; x_wconf 75' lang='grc' dir='ltr'>ὅπερ</span> <span class='ocrx_word' id='word_1_124' title='bbox 306 1076 364 1128; x_wconf 75' lang='grc' dir='ltr'>ἂν</span> <span class='ocrx_word' id='word_1_125' title='bbox 403 1079 478 1128; x_wconf 81' lang='grc' dir='ltr'>καὶ</span> <span class='ocrx_word' id='word_1_126' title='bbox 516 1079 645 1141; x_wconf 83' lang='grc' dir='ltr'>ὑμῶν</span> <span class='ocrx_word' id='word_1_127' title='bbox 683 1077 882 1130; x_wconf 78' lang='grc' dir='ltr'>ἕκαστος</span> <span class='ocrx_word' id='word_1_128' title='bbox 921 1077 1162 1142; x_wconf 76' lang='grc' dir='ltr'>ὑβρισθεὶς</span> <span class='ocrx_word' id='word_1_129' title='bbox 1202 1077 1446 1143; x_wconf 86' lang='grc' dir='ltr'>προείλετο</span> <span class='ocrx_word' id='word_1_130' title='bbox 1483 1077 1706 1145; x_wconf 77' lang='grc' dir='ltr'>πρᾶξαι,5</span> 
     </span>
     <span class='ocr_line' id='line_1_14' title="bbox 159 1157 1678 1225; baseline -0.001 -13"><span class='ocrx_word' id='word_1_131' title='bbox 159 1167 295 1212; x_wconf 80' lang='grc' dir='ltr'>τοῦτο</span> <span class='ocrx_word' id='word_1_132' title='bbox 359 1164 434 1212; x_wconf 82' lang='grc' dir='ltr'>καὶ</span> <span class='ocrx_word' id='word_1_133' title='bbox 497 1161 634 1215; x_wconf 79' lang='grc' dir='ltr'>αὐτὸς</span> <span class='ocrx_word' id='word_1_134' title='bbox 690 1161 905 1225; x_wconf 84' lang='grc' dir='ltr'>ἐποίησα,</span> <span class='ocrx_word' id='word_1_135' title='bbox 957 1161 1033 1210; x_wconf 80' lang='grc' dir='ltr'>καὶ</span> <span class='ocrx_word' id='word_1_136' title='bbox 1082 1157 1453 1225; x_wconf 53' lang='grc' dir='ltr'>Ϊπρούβαλόμην</span> <span class='ocrx_word' id='word_1_137' title='bbox 1506 1161 1678 1210; x_wconf 85' lang='grc' dir='ltr'>ἀδικεῖν</span> 
     </span>
     <span class='ocr_line' id='line_1_15' title="bbox 158 1243 1673 1311; baseline -0.001 -15"><span class='ocrx_word' id='word_1_138' title='bbox 158 1254 178 1282; x_wconf 72' lang='lat' dir='ltr'>g</span> <span class='ocrx_word' id='word_1_139' title='bbox 187 1251 354 1296; x_wconf 86' lang='grc' dir='ltr'>τοῦτον</span> <span class='ocrx_word' id='word_1_140' title='bbox 380 1246 486 1311; x_wconf 81' lang='grc' dir='ltr'>περὶ</span> <span class='ocrx_word' id='word_1_141' title='bbox 511 1243 597 1308; x_wconf 87' lang='grc' dir='ltr'>τὴν</span> <span class='ocrx_word' id='word_1_142' title='bbox 623 1245 799 1311; x_wconf 86' lang='grc' dir='ltr'>ἑορτὴν,</span> <span class='ocrx_word' id='word_1_143' title='bbox 827 1245 880 1294; x_wconf 79' lang='grc' dir='ltr'>οὐ</span> <span class='ocrx_word' id='word_1_144' title='bbox 915 1243 1059 1308; x_wconf 86' lang='grc' dir='ltr'>μόνον</span> <span class='ocrx_word' id='word_1_145' title='bbox 1085 1243 1277 1308; x_wconf 78' lang='grc' dir='ltr'>πληγὰς</span> <span class='ocrx_word' id='word_1_146' title='bbox 1313 1245 1386 1295; x_wconf 82' lang='grc' dir='ltr'>ὑπ’</span> <span class='ocrx_word' id='word_1_147' title='bbox 1416 1244 1557 1294; x_wconf 83' lang='grc' dir='ltr'>αὐτοῦ</span> <span class='ocrx_word' id='word_1_148' title='bbox 1584 1252 1673 1294; x_wconf 91' lang='grc' dir='ltr'>λα-</span> 
     </span>
     <span class='ocr_line' id='line_1_16' title="bbox 159 1326 1680 1391; baseline -0.001 -12"><span class='ocrx_word' id='word_1_149' title='bbox 159 1329 261 1389; x_wconf 81' lang='grc' dir='ltr'>βὼν</span> <span class='ocrx_word' id='word_1_150' title='bbox 299 1333 395 1382; x_wconf 87' lang='grc' dir='ltr'>τοῖς</span> <span class='ocrx_word' id='word_1_151' title='bbox 435 1330 718 1391; x_wconf 78' lang='grc' dir='ltr'>Διονυσίοις,</span> <span class='ocrx_word' id='word_1_152' title='bbox 758 1327 888 1379; x_wconf 76' lang='grc' dir='ltr'>ἀλλὰ</span> <span class='ocrx_word' id='word_1_153' title='bbox 933 1331 1009 1378; x_wconf 77' lang='grc' dir='ltr'>καὶ</span> <span class='ocrx_word' id='word_1_154' title='bbox 1054 1327 1184 1377; x_wconf 72' lang='grc' dir='ltr'>ἄλλα</span> <span class='ocrx_word' id='word_1_155' title='bbox 1227 1326 1392 1379; x_wconf 75' lang='grc' dir='ltr'>πολλὰ</span> <span class='ocrx_word' id='word_1_156' title='bbox 1436 1329 1511 1378; x_wconf 83' lang='grc' dir='ltr'>καὶ</span> <span class='ocrx_word' id='word_1_157' title='bbox 1548 1329 1680 1389; x_wconf 82' lang='grc' dir='ltr'>βίαια</span> 
     </span>
     <span class='ocr_line' id='line_1_17' title="bbox 124 1409 1680 1477; baseline -0.001 -15"><span class='ocrx_word' id='word_1_158' title='bbox 124 1409 326 1464; x_wconf 64' lang='grc' dir='ltr'>απαθὼν</span> <span class='ocrx_word' id='word_1_159' title='bbox 362 1410 492 1476; x_wconf 77' lang='grc' dir='ltr'>παρὰ</span> <span class='ocrx_word' id='word_1_160' title='bbox 527 1415 692 1462; x_wconf 81' lang='grc' dir='ltr'>πᾶσαν</span> <span class='ocrx_word' id='word_1_161' title='bbox 729 1409 814 1475; x_wconf 81' lang='grc' dir='ltr'>τὴν</span> <span class='ocrx_word' id='word_1_162' title='bbox 848 1411 1089 1477; x_wconf 83' lang='grc' dir='ltr'>χορηγίαν.</span> <span class='ocrx_word' id='word_1_163' title='bbox 1142 1410 1296 1474; x_wconf 83' lang='grc' dir='ltr'>ἐπειδὴ</span> <span class='ocrx_word' id='word_1_164' title='bbox 1330 1410 1379 1461; x_wconf 78' lang='grc' dir='ltr'>δὲ</span> <span class='ocrx_word' id='word_1_165' title='bbox 1413 1416 1571 1465; x_wconf 81' lang='grc' dir='ltr'>καλῶς</span> <span class='ocrx_word' id='word_1_166' title='bbox 1604 1412 1680 1462; x_wconf 78' lang='grc' dir='ltr'>καὶ</span> 
     </span>
     <span class='ocr_line' id='line_1_18' title="bbox 160 1493 1734 1561; baseline -0.001 -15"><span class='ocrx_word' id='word_1_167' title='bbox 160 1495 221 1546; x_wconf 84' lang='grc' dir='ltr'>τὰ</span> <span class='ocrx_word' id='word_1_168' title='bbox 257 1497 410 1546; x_wconf 88' lang='grc' dir='ltr'>δίκαια</span> <span class='ocrx_word' id='word_1_169' title='bbox 446 1500 594 1546; x_wconf 85' lang='grc' dir='ltr'>ποιῶν</span> <span class='ocrx_word' id='word_1_170' title='bbox 620 1497 644 1546; x_wconf 86' lang='grc' dir='ltr'>ὁ</span> <span class='ocrx_word' id='word_1_171' title='bbox 673 1498 818 1559; x_wconf 83' lang='grc' dir='ltr'>δῆμος</span> <span class='ocrx_word' id='word_1_172' title='bbox 850 1493 973 1548; x_wconf 83' lang='grc' dir='ltr'>ἅπας</span> <span class='ocrx_word' id='word_1_173' title='bbox 1009 1496 1155 1549; x_wconf 77' lang='grc' dir='ltr'>οὕτως</span> <span class='ocrx_word' id='word_1_174' title='bbox 1187 1496 1402 1561; x_wconf 84' lang='grc' dir='ltr'>ὠργίσθη</span> <span class='ocrx_word' id='word_1_175' title='bbox 1437 1497 1512 1545; x_wconf 75' lang='grc' dir='ltr'>καὶ</span> <span class='ocrx_word' id='word_1_176' title='bbox 1551 1518 1673 1561; x_wconf 89' lang='grc' dir='ltr'>παρ·</span> <span class='ocrx_word' id='word_1_177' title='bbox 1696 1520 1734 1542; x_wconf 88' lang='lat'>10</span> 
     </span>
     <span class='ocr_line' id='line_1_19' title="bbox 162 1577 1681 1648; baseline -0.001 -17"><span class='ocrx_word' id='word_1_178' title='bbox 162 1579 348 1648; x_wconf 76' lang='grc' dir='ltr'>ωξύνθη</span> <span class='ocrx_word' id='word_1_179' title='bbox 387 1581 463 1630; x_wconf 76' lang='grc' dir='ltr'>καὶ</span> <span class='ocrx_word' id='word_1_180' title='bbox 501 1578 695 1647; x_wconf 84' lang='grc' dir='ltr'>σφόδρα</span> <span class='ocrx_word' id='word_1_181' title='bbox 733 1578 1030 1630; x_wconf 82' lang='grc' dir='ltr'>ἐσπούδασεν</span> <span class='ocrx_word' id='word_1_182' title='bbox 1067 1580 1137 1648; x_wconf 83' lang='grc' dir='ltr'>ἐφ’</span> <span class='ocrx_word' id='word_1_183' title='bbox 1166 1577 1232 1632; x_wconf 78' lang='grc' dir='ltr'>οῖς</span> <span class='ocrx_word' id='word_1_184' title='bbox 1269 1579 1528 1648; x_wconf 76' lang='grc' dir='ltr'>ἠδικημένῳ</span> <span class='ocrx_word' id='word_1_185' title='bbox 1566 1578 1681 1642; x_wconf 66' lang='grc' dir='ltr'>Ι’μοι</span> 
     </span>
     <span class='ocr_line' id='line_1_20' title="bbox 162 1660 1778 1731; baseline -0.001 -17"><span class='ocrx_word' id='word_1_186' title='bbox 162 1662 368 1731; x_wconf 85' lang='grc' dir='ltr'>συνῄδει,</span> <span class='ocrx_word' id='word_1_187' title='bbox 400 1660 525 1713; x_wconf 78' lang='grc' dir='ltr'>ὥστε</span> <span class='ocrx_word' id='word_1_188' title='bbox 562 1662 718 1714; x_wconf 82' lang='grc' dir='ltr'>πάντα</span> <span class='ocrx_word' id='word_1_189' title='bbox 754 1669 999 1716; x_wconf 82' lang='grc' dir='ltr'>ποιοῦντος</span> <span class='ocrx_word' id='word_1_190' title='bbox 1032 1663 1199 1713; x_wconf 86' lang='grc' dir='ltr'>τούτου</span> <span class='ocrx_word' id='word_1_191' title='bbox 1235 1664 1314 1713; x_wconf 89' lang='grc' dir='ltr'>καί</span> <span class='ocrx_word' id='word_1_192' title='bbox 1346 1686 1483 1713; x_wconf 87' lang='grc' dir='ltr'>τινων</span> <span class='ocrx_word' id='word_1_193' title='bbox 1515 1663 1682 1713; x_wconf 77' lang='grc' dir='ltr'>ἄλλων</span> <span class='ocrx_word' id='word_1_194' title='bbox 1695 1678 1778 1723; x_wconf 84' lang='grc'>515</span> 
     </span>
     <span class='ocr_line' id='line_1_21' title="bbox 164 1744 1685 1813; baseline -0.001 -18"><span class='ocrx_word' id='word_1_195' title='bbox 164 1745 278 1811; x_wconf 77' lang='grc' dir='ltr'>ὑπὲρ</span> <span class='ocrx_word' id='word_1_196' title='bbox 313 1746 453 1795; x_wconf 81' lang='grc' dir='ltr'>αὐτοῦ</span> <span class='ocrx_word' id='word_1_197' title='bbox 492 1746 574 1795; x_wconf 86' lang='grc' dir='ltr'>οὐκ</span> <span class='ocrx_word' id='word_1_198' title='bbox 613 1747 807 1809; x_wconf 85' lang='grc' dir='ltr'>ἐπείσθη</span> <span class='ocrx_word' id='word_1_199' title='bbox 845 1746 941 1796; x_wconf 72' lang='grc' dir='ltr'>οὐδ’</span> <span class='ocrx_word' id='word_1_200' title='bbox 969 1744 1266 1813; x_wconf 51' lang='grc' dir='ltr'>ὶάπέβλεψεν</span> <span class='ocrx_word' id='word_1_201' title='bbox 1301 1749 1363 1799; x_wconf 81' lang='grc' dir='ltr'>εἰς</span> <span class='ocrx_word' id='word_1_202' title='bbox 1401 1744 1484 1798; x_wconf 77' lang='grc' dir='ltr'>τὰς</span> <span class='ocrx_word' id='word_1_203' title='bbox 1521 1745 1685 1798; x_wconf 81' lang='grc' dir='ltr'>οὐσίας</span> 
     </span>
     <span class='ocr_line' id='line_1_22' title="bbox 164 1828 1679 1897; baseline -0.001 -17"><span class='ocrx_word' id='word_1_204' title='bbox 164 1828 248 1883; x_wconf 79' lang='grc' dir='ltr'>τὰς</span> <span class='ocrx_word' id='word_1_205' title='bbox 281 1829 459 1880; x_wconf 78' lang='grc' dir='ltr'>τούτων</span> <span class='ocrx_word' id='word_1_206' title='bbox 494 1829 598 1880; x_wconf 82' lang='grc' dir='ltr'>οὐδὲ</span> <span class='ocrx_word' id='word_1_207' title='bbox 636 1829 718 1883; x_wconf 81' lang='grc' dir='ltr'>τὰς</span> <span class='ocrx_word' id='word_1_208' title='bbox 756 1829 1053 1896; x_wconf 71' lang='grc' dir='ltr'>ὑποσχέσεις,</span> <span class='ocrx_word' id='word_1_209' title='bbox 1080 1828 1211 1879; x_wconf 77' lang='grc' dir='ltr'>ἀλλὰ</span> <span class='ocrx_word' id='word_1_210' title='bbox 1244 1833 1330 1897; x_wconf 77' lang='grc' dir='ltr'>μιᾷ</span> <span class='ocrx_word' id='word_1_211' title='bbox 1363 1829 1528 1896; x_wconf 86' lang='grc' dir='ltr'>γνώμῃ</span> <span class='ocrx_word' id='word_1_212' title='bbox 1567 1851 1679 1879; x_wconf 89' lang='grc' dir='ltr'>κατ-</span> 
     </span>
     <span class='ocr_line' id='line_1_23' title="bbox 166 1911 1685 1981; baseline 0.001 -18"><span class='ocrx_word' id='word_1_213' title='bbox 166 1914 517 1981; x_wconf 84' lang='grc' dir='ltr'>εχειροτόνησεν</span> <span class='ocrx_word' id='word_1_214' title='bbox 555 1915 711 1977; x_wconf 85' lang='grc' dir='ltr'>αὐτοῦ,</span> <span class='ocrx_word' id='word_1_215' title='bbox 750 1915 932 1965; x_wconf 86' lang='grc' dir='ltr'>πολλοί</span> <span class='ocrx_word' id='word_1_216' title='bbox 965 1936 1044 1977; x_wconf 88' lang='grc' dir='ltr'>μοι</span> <span class='ocrx_word' id='word_1_217' title='bbox 1082 1913 1372 1979; x_wconf 83' lang='grc' dir='ltr'>προσιόντες,</span> <span class='ocrx_word' id='word_1_218' title='bbox 1413 1911 1450 1962; x_wconf 74' lang='grc' dir='ltr'><em>ὦ</em></span> <span class='ocrx_word' id='word_1_219' title='bbox 1486 1911 1685 1978; x_wconf 51' lang='grc' dir='ltr'>Κᾶνδρες</span> 
     </span>
     <span class='ocr_line' id='line_1_24' title="bbox 167 1995 1715 2066; baseline -0.001 -18"><span class='ocrx_word' id='word_1_220' title='bbox 167 2000 398 2060; x_wconf 76' lang='grc' dir='ltr'>δικασταὶ,</span> <span class='ocrx_word' id='word_1_221' title='bbox 426 2000 501 2048; x_wconf 80' lang='grc' dir='ltr'>καὶ</span> <span class='ocrx_word' id='word_1_222' title='bbox 533 2003 628 2049; x_wconf 80' lang='grc' dir='ltr'>τῶν</span> <span class='ocrx_word' id='word_1_223' title='bbox 654 2001 702 2048; x_wconf 88' lang='grc' dir='ltr'>ἐν</span> <span class='ocrx_word' id='word_1_224' title='bbox 728 2002 795 2066; x_wconf 74' lang='grc' dir='ltr'>τῷ</span> <span class='ocrx_word' id='word_1_225' title='bbox 827 1998 1113 2065; x_wconf 76' lang='grc' dir='ltr'>δικαστηρίῳ</span> <span class='ocrx_word' id='word_1_226' title='bbox 1149 2002 1231 2047; x_wconf 87' lang='grc' dir='ltr'>νῦν</span> <span class='ocrx_word' id='word_1_227' title='bbox 1265 1995 1413 2047; x_wconf 76' lang='grc' dir='ltr'>ὄντων</span> <span class='ocrx_word' id='word_1_228' title='bbox 1449 1998 1576 2059; x_wconf 80' lang='grc' dir='ltr'>ὑμῶν</span> <span class='ocrx_word' id='word_1_229' title='bbox 1610 1997 1715 2046; x_wconf 72' lang='grc' dir='ltr'>καὶῡ</span> 
     </span>
     <span class='ocr_line' id='line_1_25' title="bbox 127 2079 1687 2149; baseline -0.001 -17"><span class='ocrx_word' id='word_1_230' title='bbox 127 2104 150 2145; x_wconf 85' lang='lat'>3</span> <span class='ocrx_word' id='word_1_231' title='bbox 167 2086 260 2132; x_wconf 81' lang='grc' dir='ltr'>τῶν</span> <span class='ocrx_word' id='word_1_232' title='bbox 287 2081 452 2132; x_wconf 75' lang='grc' dir='ltr'>ἄλλων</span> <span class='ocrx_word' id='word_1_233' title='bbox 477 2085 688 2132; x_wconf 81' lang='grc' dir='ltr'>πολιτῶν</span> <span class='ocrx_word' id='word_1_234' title='bbox 714 2081 875 2149; x_wconf 72' lang='grc' dir='ltr'>ἠξίουν</span> <span class='ocrx_word' id='word_1_235' title='bbox 906 2083 982 2130; x_wconf 80' lang='grc' dir='ltr'>καὶ</span> <span class='ocrx_word' id='word_1_236' title='bbox 1015 2079 1383 2145; x_wconf 83' lang='grc' dir='ltr'>παρεκελεύοντο</span> <span class='ocrx_word' id='word_1_237' title='bbox 1419 2079 1687 2147; x_wconf 78' lang='grc' dir='ltr'>ἐπεξελθεῖν</span> 
     </span>
     <span class='ocr_line' id='line_1_26' title="bbox 168 2162 1685 2231; baseline -0.001 -16"><span class='ocrx_word' id='word_1_238' title='bbox 168 2168 242 2215; x_wconf 76' lang='grc' dir='ltr'>καὶ</span> <span class='ocrx_word' id='word_1_239' title='bbox 283 2168 572 2231; x_wconf 84' lang='grc' dir='ltr'>παραδοῦναι</span> <span class='ocrx_word' id='word_1_240' title='bbox 612 2170 778 2215; x_wconf 82' lang='grc' dir='ltr'>τοῦτον</span> <span class='ocrx_word' id='word_1_241' title='bbox 817 2167 879 2217; x_wconf 75' lang='grc' dir='ltr'>εἰς</span> <span class='ocrx_word' id='word_1_242' title='bbox 919 2165 1050 2226; x_wconf 83' lang='grc' dir='ltr'>ὑμᾶς,</span> <span class='ocrx_word' id='word_1_243' title='bbox 1089 2165 1150 2215; x_wconf 87' lang='grc' dir='ltr'>ὡς</span> <span class='ocrx_word' id='word_1_244' title='bbox 1195 2162 1278 2226; x_wconf 79' lang='grc' dir='ltr'>μὲν</span> <span class='ocrx_word' id='word_1_245' title='bbox 1317 2164 1417 2226; x_wconf 84' lang='grc' dir='ltr'>ἐμοὶ</span> <span class='ocrx_word' id='word_1_246' title='bbox 1456 2164 1590 2224; x_wconf 89' lang='grc' dir='ltr'>δοκεῖ,</span> <span class='ocrx_word' id='word_1_247' title='bbox 1631 2164 1685 2213; x_wconf 90' lang='grc' dir='ltr'>δι’</span> 
     </span>
     <span class='ocr_line' id='line_1_27' title="bbox 168 2245 1687 2314; baseline -0.001 -15"><span class='ocrx_word' id='word_1_248' title='bbox 168 2248 406 2314; x_wconf 80' lang='grc' dir='ltr'>ἀμφότερ’,</span> <span class='ocrx_word' id='word_1_249' title='bbox 443 2246 479 2298; x_wconf 71' lang='grc' dir='ltr'><em>ὦ</em></span> <span class='ocrx_word' id='word_1_250' title='bbox 518 2248 681 2311; x_wconf 78' lang='grc' dir='ltr'>ἄνδρες</span> <span class='ocrx_word' id='word_1_251' title='bbox 713 2246 996 2310; x_wconf 86' lang='grc' dir='ltr'>1Ἀθηναῖοι,</span> <span class='ocrx_word' id='word_1_252' title='bbox 1032 2245 1087 2310; x_wconf 85' lang='grc' dir='ltr'>νὴ</span> <span class='ocrx_word' id='word_1_253' title='bbox 1125 2245 1231 2299; x_wconf 76' lang='grc' dir='ltr'>τοὺς</span> <span class='ocrx_word' id='word_1_254' title='bbox 1271 2246 1413 2308; x_wconf 79' lang='grc' dir='ltr'>θεοὺς,</span> <span class='ocrx_word' id='word_1_255' title='bbox 1449 2248 1524 2297; x_wconf 78' lang='grc' dir='ltr'>καὶ</span> <span class='ocrx_word' id='word_1_256' title='bbox 1561 2245 1687 2297; x_wconf 80' lang='grc' dir='ltr'>δεινὰ</span> 
     </span>
     <span class='ocr_line' id='line_1_28' title="bbox 168 2329 1742 2398; baseline -0.002 -14"><span class='ocrx_word' id='word_1_257' title='bbox 168 2333 446 2384; x_wconf 76' lang='grc' dir='ltr'>πεπονθέναι</span> <span class='ocrx_word' id='word_1_258' title='bbox 499 2333 758 2398; x_wconf 76' lang='grc' dir='ltr'>νομίζοντες</span> <span class='ocrx_word' id='word_1_259' title='bbox 809 2331 900 2394; x_wconf 76' lang='grc' dir='ltr'>ἐμὲ,</span> <span class='ocrx_word' id='word_1_260' title='bbox 948 2332 1022 2381; x_wconf 82' lang='grc' dir='ltr'>καὶ</span> <span class='ocrx_word' id='word_1_261' title='bbox 1074 2331 1205 2393; x_wconf 88' lang='grc' dir='ltr'>δίκην</span> <span class='ocrx_word' id='word_1_262' title='bbox 1259 2329 1356 2393; x_wconf 83' lang='grc' dir='ltr'>ἅμα</span> <span class='ocrx_word' id='word_1_263' title='bbox 1405 2329 1686 2394; x_wconf 84' lang='grc' dir='ltr'>βουλόμενοι</span> <span class='ocrx_word' id='word_1_264' title='bbox 1704 2354 1742 2375; x_wconf 91' lang='lat'>10</span> 
     </span>
     <span class='ocr_line' id='line_1_29' title="bbox 171 2413 1690 2479; baseline 0 -14"><span class='ocrx_word' id='word_1_265' title='bbox 171 2420 338 2477; x_wconf 79' lang='grc' dir='ltr'>λαβεῖν</span> <span class='ocrx_word' id='word_1_266' title='bbox 377 2413 442 2466; x_wconf 74' lang='grc' dir='ltr'>ὧν</span> <span class='ocrx_word' id='word_1_267' title='bbox 479 2416 551 2465; x_wconf 82' lang='grc' dir='ltr'>ἐπὶ</span> <span class='ocrx_word' id='word_1_268' title='bbox 596 2419 690 2465; x_wconf 81' lang='grc' dir='ltr'>τῶν</span> <span class='ocrx_word' id='word_1_269' title='bbox 732 2415 900 2465; x_wconf 77' lang='grc' dir='ltr'>ἄλλων</span> <span class='ocrx_word' id='word_1_270' title='bbox 944 2414 1182 2465; x_wconf 84' lang='grc' dir='ltr'>ἐτεθέαντο</span> <span class='ocrx_word' id='word_1_271' title='bbox 1227 2413 1410 2479; x_wconf 75' lang='grc' dir='ltr'>θρασὺν</span> <span class='ocrx_word' id='word_1_272' title='bbox 1455 2413 1568 2465; x_wconf 85' lang='grc' dir='ltr'>ὅντα</span> <span class='ocrx_word' id='word_1_273' title='bbox 1614 2416 1690 2465; x_wconf 80' lang='grc' dir='ltr'>καὶ</span> 
     </span>
    </p>
   </div>
   <div class='ocr_carea' id='block_1_5' title="bbox 134 2496 1689 2566">
    <p class='ocr_par' dir='ltr' id='par_1_5' title="bbox 134 2496 1689 2566">
     <span class='ocr_line' id='line_1_30' title="bbox 355 2496 1551 2517; baseline -0.003 -3"><span class='ocrx_word' id='word_1_274' title='bbox 355 2498 368 2514; x_wconf 59' lang='lat' dir='ltr'>X</span> <span class='ocrx_word' id='word_1_275' title='bbox 490 2501 503 2517; x_wconf 63' lang='lat' dir='ltr'>x</span> <span class='ocrx_word' id='word_1_276' title='bbox 571 2499 580 2513; x_wconf 71' lang='lat'>5</span> <span class='ocrx_word' id='word_1_277' title='bbox 623 2497 634 2515; x_wconf 60' lang='lat' dir='ltr'>X</span> <span class='ocrx_word' id='word_1_278' title='bbox 837 2498 849 2513; x_wconf 60' lang='lat' dir='ltr'>N</span> <span class='ocrx_word' id='word_1_279' title='bbox 920 2498 943 2515; x_wconf 58' lang='grc' dir='ltr'>,Ι</span> <span class='ocrx_word' id='word_1_280' title='bbox 1081 2498 1102 2515; x_wconf 73' lang='lat'>⁴⁸!</span> <span class='ocrx_word' id='word_1_281' title='bbox 1231 2497 1242 2514; x_wconf 56' lang='lat' dir='ltr'>K</span> <span class='ocrx_word' id='word_1_282' title='bbox 1342 2497 1352 2512; x_wconf 81' lang='grc' dir='ltr'><em>Ι</em></span> <span class='ocrx_word' id='word_1_283' title='bbox 1485 2499 1494 2513; x_wconf 70' lang='lat'>9</span> <span class='ocrx_word' id='word_1_284' title='bbox 1541 2496 1551 2511; x_wconf 88' lang='grc' dir='ltr'><em>Ι</em></span> 
     </span>
     <span class='ocr_line' id='line_1_31' title="bbox 134 2501 1689 2566; baseline -0.002 -15"><span class='ocrx_word' id='word_1_285' title='bbox 134 2503 404 2566; x_wconf 82' lang='grc' dir='ltr'>4βδελυρον</span> <span class='ocrx_word' id='word_1_286' title='bbox 431 2522 506 2549; x_wconf 90' lang='grc' dir='ltr'>και</span> <span class='ocrx_word' id='word_1_287' title='bbox 533 2501 634 2549; x_wconf 89' lang='grc' dir='ltr'>ουδε</span> <span class='ocrx_word' id='word_1_288' title='bbox 662 2502 886 2549; x_wconf 89' lang='grc' dir='ltr'>καθεκτον</span> <span class='ocrx_word' id='word_1_289' title='bbox 913 2521 995 2548; x_wconf 85' lang='grc' dir='ltr'>ετι.</span> <span class='ocrx_word' id='word_1_290' title='bbox 1048 2521 1168 2548; x_wconf 85' lang='grc' dir='ltr'>ουτω</span> <span class='ocrx_word' id='word_1_291' title='bbox 1196 2501 1244 2548; x_wconf 92' lang='grc' dir='ltr'>δε</span> <span class='ocrx_word' id='word_1_292' title='bbox 1269 2521 1447 2548; x_wconf 88' lang='grc' dir='ltr'>τουτων</span> <span class='ocrx_word' id='word_1_293' title='bbox 1473 2521 1689 2564; x_wconf 86' lang='grc' dir='ltr'>εχοντων,</span> 
     </span>
    </p>
   </div>
   <div class='ocr_carea' id='block_1_6' title="bbox 175 2615 1695 2928">
    <p class='ocr_par' dir='ltr' id='par_1_6' title="bbox 227 2615 1691 2681">
     <span class='ocr_line' id='line_1_32' title="bbox 227 2615 1691 2681; baseline -0.004 -11"><span class='ocrx_word' id='word_1_294' title='bbox 227 2643 243 2661; x_wconf 77' lang='lat'><strong>⁰</strong></span> <span class='ocrx_word' id='word_1_295' title='bbox 263 2635 353 2681; x_wconf 72' lang='grc' dir='ltr'>ἤτοι]</span> <span class='ocrx_word' id='word_1_296' title='bbox 375 2638 436 2669; x_wconf 82' lang='grc' dir='ltr'>τοῦ</span> <span class='ocrx_word' id='word_1_297' title='bbox 458 2635 708 2669; x_wconf 82' lang='lat' dir='ltr'>Buttmannus.</span> <span class='ocrx_word' id='word_1_298' title='bbox 828 2633 842 2656; x_wconf 77' lang='lat'>¹¹</span> <span class='ocrx_word' id='word_1_299' title='bbox 864 2631 890 2668; x_wconf 76' lang='grc'>(3</span> <span class='ocrx_word' id='word_1_300' title='bbox 909 2634 1026 2679; x_wconf 78' lang='grc' dir='ltr'>ἅνδρες</span> <span class='ocrx_word' id='word_1_301' title='bbox 1046 2632 1130 2678; x_wconf 85' lang='grc' dir='ltr'>δικ.]</span> <span class='ocrx_word' id='word_1_302' title='bbox 1156 2615 1180 2666; x_wconf 60' lang='grc' dir='ltr'>ἔ)</span> <span class='ocrx_word' id='word_1_303' title='bbox 1201 2634 1242 2667; x_wconf 81' lang='grc' dir='ltr'>Α.</span> <span class='ocrx_word' id='word_1_304' title='bbox 1276 2628 1301 2665; x_wconf 74' lang='grc' dir='ltr'><em>ὦ</em></span> <span class='ocrx_word' id='word_1_305' title='bbox 1320 2632 1476 2665; x_wconf 81' lang='grc' dir='ltr'>δικασταὶ</span> <span class='ocrx_word' id='word_1_306' title='bbox 1495 2632 1530 2665; x_wconf 88' lang='lat' dir='ltr'>k.</span> <span class='ocrx_word' id='word_1_307' title='bbox 1566 2627 1594 2664; x_wconf 75' lang='grc'>(3</span> <span class='ocrx_word' id='word_1_308' title='bbox 1611 2630 1691 2674; x_wconf 83' lang='grc' dir='ltr'>ἀθη-</span> 
     </span>
    </p>

    <p class='ocr_par' dir='ltr' id='par_1_7' title="bbox 175 2684 1693 2768">
     <span class='ocr_line' id='line_1_33' title="bbox 175 2684 1693 2733; baseline -0.003 -10"><span class='ocrx_word' id='word_1_309' title='bbox 175 2692 259 2724; x_wconf 76' lang='grc' dir='ltr'>νιιῖοι</span> <span class='ocrx_word' id='word_1_310' title='bbox 280 2701 307 2725; x_wconf 88' lang='lat' dir='ltr'>r.</span> <span class='ocrx_word' id='word_1_311' title='bbox 398 2695 413 2713; x_wconf 74' lang='lat'>⁰</span> <span class='ocrx_word' id='word_1_312' title='bbox 434 2685 525 2733; x_wconf 75' lang='grc' dir='ltr'>οἶμαι</span> <span class='ocrx_word' id='word_1_313' title='bbox 546 2688 623 2722; x_wconf 88' lang='lat' dir='ltr'><strong>F.k.</strong></span> <span class='ocrx_word' id='word_1_314' title='bbox 645 2688 785 2733; x_wconf 79' lang='lat' dir='ltr'>aliique.</span> <span class='ocrx_word' id='word_1_315' title='bbox 820 2686 931 2732; x_wconf 78' lang='grc' dir='ltr'>οἴομαι</span> <span class='ocrx_word' id='word_1_316' title='bbox 951 2688 1069 2733; x_wconf 81' lang='lat' dir='ltr'>vulgo,</span> <span class='ocrx_word' id='word_1_317' title='bbox 1091 2686 1334 2721; x_wconf 76' lang='lat' dir='ltr'><strong>consentiente</strong></span> <span class='ocrx_word' id='word_1_318' title='bbox 1354 2685 1413 2730; x_wconf 87' lang='lat' dir='ltr'>qui</span> <span class='ocrx_word' id='word_1_319' title='bbox 1433 2686 1523 2719; x_wconf 83' lang='lat' dir='ltr'>hauc</span> <span class='ocrx_word' id='word_1_320' title='bbox 1543 2684 1693 2718; x_wconf 85' lang='lat' dir='ltr'>formam</span> 
     </span>
     <span class='ocr_line' id='line_1_34' title="bbox 868 2751 883 2768; baseline 0 0"><span class='ocrx_word' id='word_1_321' title='bbox 868 2751 883 2768; x_wconf 89' lang='grc'><strong>0</strong></span> 
     </span>
    </p>

    <p class='ocr_par' dir='ltr' id='par_1_8' title="bbox 176 2767 1692 2820">
     <span class='ocr_line' id='line_1_35' title="bbox 176 2767 1692 2820; baseline -0.005 -11"><span class='ocrx_word' id='word_1_322' title='bbox 176 2789 244 2809; x_wconf 84' lang='lat' dir='ltr'>non</span> <span class='ocrx_word' id='word_1_323' title='bbox 267 2788 345 2810; x_wconf 83' lang='lat' dir='ltr'>raro</span> <span class='ocrx_word' id='word_1_324' title='bbox 365 2776 459 2809; x_wconf 74' lang='lat' dir='ltr'>solus</span> <span class='ocrx_word' id='word_1_325' title='bbox 479 2775 611 2820; x_wconf 77' lang='lat' dir='ltr'><strong>praebet</strong></span> <span class='ocrx_word' id='word_1_326' title='bbox 630 2774 671 2808; x_wconf 84' lang='lat' dir='ltr'>A.</span> <span class='ocrx_word' id='word_1_327' title='bbox 713 2774 754 2808; x_wconf 85' lang='lat' dir='ltr'>In</span> <span class='ocrx_word' id='word_1_328' title='bbox 777 2775 814 2808; x_wconf 81' lang='lat' dir='ltr'>S.</span> <span class='ocrx_word' id='word_1_329' title='bbox 837 2775 940 2818; x_wconf 83' lang='grc' dir='ltr'>οἶμαι,</span> <span class='ocrx_word' id='word_1_330' title='bbox 962 2788 980 2806; x_wconf 93' lang='grc' dir='ltr'>ο</span> <span class='ocrx_word' id='word_1_331' title='bbox 1000 2786 1020 2806; x_wconf 80' lang='lat' dir='ltr'>a</span> <span class='ocrx_word' id='word_1_332' title='bbox 1040 2785 1086 2807; x_wconf 86' lang='lat' dir='ltr'>m.</span> <span class='ocrx_word' id='word_1_333' title='bbox 1109 2772 1253 2818; x_wconf 81' lang='lat' dir='ltr'>antiqua</span> <span class='ocrx_word' id='word_1_334' title='bbox 1274 2771 1460 2816; x_wconf 80' lang='lat' dir='ltr'>adscripto.</span> <span class='ocrx_word' id='word_1_335' title='bbox 1553 2767 1568 2794; x_wconf 83' lang='lat' dir='ltr'>f</span> <span class='ocrx_word' id='word_1_336' title='bbox 1584 2770 1692 2815; x_wconf 80' lang='grc' dir='ltr'>πρού-</span> 
     </span>
    </p>

    <p class='ocr_par' dir='ltr' id='par_1_9' title="bbox 175 2821 1693 2875">
     <span class='ocr_line' id='line_1_36' title="bbox 175 2821 1693 2875; baseline -0.005 -12"><span class='ocrx_word' id='word_1_337' title='bbox 175 2829 348 2875; x_wconf 74' lang='grc' dir='ltr'>βαλόμην]</span> <span class='ocrx_word' id='word_1_338' title='bbox 373 2828 641 2874; x_wconf 73' lang='grc' dir='ltr'>προύβαλλόμην</span> <span class='ocrx_word' id='word_1_339' title='bbox 661 2840 688 2860; x_wconf 85' lang='lat' dir='ltr'>r.</span> <span class='ocrx_word' id='word_1_340' title='bbox 810 2834 830 2860; x_wconf 75' lang='grc' dir='ltr'>ῑζ</span> <span class='ocrx_word' id='word_1_341' title='bbox 850 2830 971 2861; x_wconf 81' lang='grc' dir='ltr'>τοῦτον</span> <span class='ocrx_word' id='word_1_342' title='bbox 992 2827 1072 2861; x_wconf 68' lang='lat' dir='ltr'>RS.</span> <span class='ocrx_word' id='word_1_343' title='bbox 1110 2826 1308 2871; x_wconf 72' lang='lat' dir='ltr'>Legebatur</span> <span class='ocrx_word' id='word_1_344' title='bbox 1328 2824 1474 2858; x_wconf 83' lang='grc' dir='ltr'>τουτονί.</span> <span class='ocrx_word' id='word_1_345' title='bbox 1596 2821 1616 2847; x_wconf 74' lang='lat'>¹¹</span> <span class='ocrx_word' id='word_1_346' title='bbox 1636 2837 1693 2866; x_wconf 90' lang='grc' dir='ltr'>μοι</span> 
     </span>
    </p>

    <p class='ocr_par' dir='ltr' id='par_1_10' title="bbox 178 2873 1695 2928">
     <span class='ocr_line' id='line_1_37' title="bbox 178 2873 1695 2928; baseline -0.004 -13"><span class='ocrx_word' id='word_1_347' title='bbox 178 2896 246 2916; x_wconf 87' lang='lat' dir='ltr'>om.</span> <span class='ocrx_word' id='word_1_348' title='bbox 271 2884 309 2917; x_wconf 83' lang='lat' dir='ltr'>F.</span> <span class='ocrx_word' id='word_1_349' title='bbox 332 2895 438 2928; x_wconf 80' lang='lat' dir='ltr'>supra</span> <span class='ocrx_word' id='word_1_350' title='bbox 457 2894 576 2916; x_wconf 80' lang='lat' dir='ltr'>versus</span> <span class='ocrx_word' id='word_1_351' title='bbox 596 2881 701 2915; x_wconf 80' lang='lat' dir='ltr'>habet</span> <span class='ocrx_word' id='word_1_352' title='bbox 724 2881 764 2914; x_wconf 82' lang='grc' dir='ltr'>Β.</span> <span class='ocrx_word' id='word_1_353' title='bbox 894 2878 903 2905; x_wconf 78' lang='grc' dir='ltr'><strong>ἱ</strong></span> <span class='ocrx_word' id='word_1_354' title='bbox 924 2879 1143 2925; x_wconf 73' lang='grc' dir='ltr'>ἀπέβλεψεν]</span> <span class='ocrx_word' id='word_1_355' title='bbox 1168 2879 1367 2923; x_wconf 79' lang='grc' dir='ltr'>ὑπέβλεψεν</span> <span class='ocrx_word' id='word_1_356' title='bbox 1388 2890 1415 2912; x_wconf 80' lang='lat' dir='ltr'>r.</span> <span class='ocrx_word' id='word_1_357' title='bbox 1541 2873 1556 2896; x_wconf 61' lang='lat'>¹&lt;</span> <span class='ocrx_word' id='word_1_358' title='bbox 1577 2876 1695 2921; x_wconf 76' lang='grc' dir='ltr'>ἄνδρες</span> 
     </span>
    </p>
   </div>
   <div class='ocr_carea' id='block_1_7' title="bbox 178 2932 1479 3005">
    <p class='ocr_par' dir='ltr' id='par_1_11' title="bbox 178 2932 1479 3005">
     <span class='ocr_line' id='line_1_38' title="bbox 178 2932 1479 3005; baseline -0.003 -11"><span class='ocrx_word' id='word_1_359' title='bbox 178 2974 249 2996; x_wconf 85' lang='lat' dir='ltr'>om.</span> <span class='ocrx_word' id='word_1_360' title='bbox 273 2974 299 2995; x_wconf 86' lang='lat' dir='ltr'>r.</span> <span class='ocrx_word' id='word_1_361' title='bbox 341 2961 381 2995; x_wconf 85' lang='lat' dir='ltr'>In</span> <span class='ocrx_word' id='word_1_362' title='bbox 402 2962 442 2994; x_wconf 86' lang='grc' dir='ltr'>Α.</span> <span class='ocrx_word' id='word_1_363' title='bbox 466 2934 503 2994; x_wconf 74' lang='grc' dir='ltr'>ιδο.</span> <span class='ocrx_word' id='word_1_364' title='bbox 632 2957 641 2984; x_wconf 93' lang='lat' dir='ltr'>l</span> <span class='ocrx_word' id='word_1_365' title='bbox 662 2956 687 2993; x_wconf 78' lang='grc' dir='ltr'><em>ὦ</em></span> <span class='ocrx_word' id='word_1_366' title='bbox 706 2959 824 3004; x_wconf 72' lang='grc' dir='ltr'>ἄνδρες</span> <span class='ocrx_word' id='word_1_367' title='bbox 842 2958 1031 3005; x_wconf 73' lang='grc' dir='ltr'>Ἀθηναῖοι]</span> <span class='ocrx_word' id='word_1_368' title='bbox 1055 2932 1081 2992; x_wconf 59' lang='grc' dir='ltr'>ἔ)</span> <span class='ocrx_word' id='word_1_369' title='bbox 1099 2959 1140 2992; x_wconf 82' lang='grc' dir='ltr'>Α.</span> <span class='ocrx_word' id='word_1_370' title='bbox 1173 2959 1342 3002; x_wconf 85' lang='grc' dir='ltr'>Ἀθηναῖοι</span> <span class='ocrx_word' id='word_1_371' title='bbox 1361 2968 1430 2991; x_wconf 87' lang='lat' dir='ltr'>om.</span> <span class='ocrx_word' id='word_1_372' title='bbox 1452 2968 1479 2990; x_wconf 89' lang='grc' dir='ltr'>ι·.</span> 
     </span>
    </p>
   </div>
   <div class='ocr_carea' id='block_1_8' title="bbox 1885 0 1954 3273">
    <p class='ocr_par' dir='ltr' id='par_1_12' title="bbox 1885 0 1954 3273">
     <span class='ocr_line' id='line_1_39' title="bbox 1885 0 1954 3273; baseline 0 0"><span class='ocrx_word' id='word_1_373' title='bbox 1885 0 1954 3273; x_wconf 95' lang='lat' dir='ltr'> </span> 
     </span>
    </p>
   </div>
  </div>
 </body>
</html>
