1954 3273
190 182 276 222 554
734 183 1161 222 ΔΗΜΟΣΘΕΝΟΎΣ
1297 177 1535 217 0n.XX1.
1558 190 1597 231 p.
1614 167 1828 230 527214-

193 294 403 360 θρωπίνη
442 296 517 345 καὶ
558 294 723 360 μετρία
759 296 943 362 σκῆψις
977 297 1191 362 φανεῖται
1227 295 1322 342 τῶν
1365 287 1707 354 πεπραγμένων

125 402 176 445 51
194 378 349 445 αῦτῷς
390 376 508 444 ὀργὴ
534 377 589 441 νὴ
616 378 724 427 Δία·
765 375 958 443 καὶγὰρ
995 382 1133 426 τοῦτο
1166 373 1340 441 ἓιτυχὸν
1379 372 1522 440 λε’ξει.
1563 370 1757 422 Βάλλίε

194 458 224 510 ἃ
247 460 332 523 μὲν
358 461 416 511 ἄν
440 483 509 514 τις
536 460 673 529 ἄφνω
699 459 781 510 τὸν
807 458 1046 525 λογισμὸν
1072 457 1267 527 φθάσας
1300 463 1316 483 ⁰
1332 455 1511 523 ἐξαχθῇ
1545 454 1563 482 ‘³
1579 459 1701 521 πρᾶ-

193 544 291 612 ξαι,
335 542 423 594 κᾶν
459 546 741 610 ὑβριστικῶς
782 542 1011 610 θποιήσῃ,
1055 544 1111 592 δι’
1151 539 1297 607 ὀργήν
1340 537 1414 604 fy’
1454 538 1519 588 ε”νι
1554 541 1708 604 φῆσαι

192 627 508 691 πεποιηκέναι·
551 625 582 677 ἃ
619 629 660 676 δ’
701 625 758 676 ἂν
795 628 844 677 ἐκ
888 631 1112 677 ἕπολλοῦ
1153 627 1364 690 συνεχῶς
1406 624 1480 673 ε’πῖ
1520 619 1710 674 πολλὰς·

193 710 366 778 ἡμέρας
390 709 521 777 παρὰ
546 709 654 763 τοὺς
680 710 849 773 νόμους
873 710 1096 776 πράττων
1121 732 1189 761 τις
1223 712 1454 777 φωρᾶται,
1486 707 1540 756 οὐ
1564 704 1708 769 μόνον
1722 721 1763 743 20

194 793 346 858 δήπου
371 793 489 845 11τοῦ
523 793 588 858 μὴ
624 793 726 857 μετ’
756 794 900 858 ὀργῆς
925 791 1129 859 ἰοἰπέχει,
1157 790 1288 842 ἀλλὰ
1313 791 1389 841 καὶ
1414 789 1706 851 1(βεβουλευ-

193 878 342 942 μένως
369 879 393 927 ὁ
419 883 625 930 τοιοῦτος
652 876 850 943 ὑβρίζων
876 878 1006 927 ἐστὶν
1031 876 1119 940 ἤδη
1145 873 1377 941 1φανερός.

125 981 180 1022 52
273 960 436 1012 Ἀλλὰ
469 961 563 1025 μὴν
600 962 800 1025 ὁπηνίκα
838 962 914 1011 καὶ
948 958 1213 1024 πεποιηκώς
1247 956 1326 1008 ωᾶ
1358 961 1605 1023 κατηγορῶ
1639 958 1715 1007 καὶ

196 1053 215 1072 ¹¹
236 1047 367 1112 ὕβρει
406 1045 671 1110 πεποιηκώς
716 1047 949 1114 φαίνεται,
993 1043 1101 1097 τοὺς
1144 1043 1312 1106 νόμους
1360 1041 1449 1105 ἤδη
1494 1045 1715 1092 οσκοπεῖν

195 1132 279 1193 δεῖ,
311 1127 348 1179 ὦ
374 1130 537 1195 ἄνδρες
564 1130 801 1180 δικασταί·
843 1128 963 1180 κατὰ
989 1127 1083 1194 γὰρ
1119 1127 1310 1180 τούτους
1347 1123 1555 1176 δικάσειν
1581 1126 1706 1188 ὀμω-
1727 1143 1762 1174 25

193 1212 384 1276 μόκατε.
444 1215 519 1264 καὶ
571 1217 776 1279 θεωρεῖθ’
823 1212 924 1281 ὅσῳ
974 1211 1180 1277 μείζονος
1231 1211 1375 1276 ὀργῆς
1424 1210 1500 1259 καὶ
1551 1208 1713 1274 ζημίας

196 1297 386 1365 ἀξιοῦσι
429 1297 536 1350 τοὺς
577 1296 837 1350 Ρὲκουσίως
882 1298 958 1346 καὶ
1003 1295 1062 1346 δι’
1101 1296 1237 1361 ὕβριν
1281 1297 1714 1357 (ἶπλημμελοῦντας

126 1399 180 1440 53
195 1383 290 1430 τῶν
340 1380 504 1433 ἄλλως
552 1403 652 1433 πως
703 1376 1137 1448 ἐξαμαρτανόντων.
1195 1381 1385 1442 πρῶτον
1433 1374 1518 1438 μὲν
1561 1374 1715 1424 τοίνυν

196 1466 237 1513 οἱ
275 1465 381 1529 περὶ
419 1466 502 1527 τῆς
538 1462 730 1528 βλάβης
774 1463 901 1514 οῦτοι
943 1460 1075 1525 νόμοι
1115 1460 1305 1522 πάντες,
1347 1459 1406 1509 ἵν’
1449 1460 1499 1509 ἐκ
1538 1458 1715 1508 τούτων

197 1545 433 1614 ἄρξωμαι,
476 1544 566 1597 rav
601 1545 687 1609 μὲν
720 1545 866 1597 Ξἑκών
903 1544 1094 1613 βλάψῃ,
1135 1547 1349 1605 διπλοῦν,
1389 1540 1445 1593 ἂν
1487 1545 1527 1592 δ’
1569 1541 1810 1604 ἅκων,528

197 1628 383 1679 ἁπλοῦν
435 1627 520 1679 ἴτὸ
570 1628 760 1689 βλάβος
808 1628 1118 1679 “κελεύουσιν
1162 1627 1364 1678 ἐκτίνειν.
1430 1623 1633 1678 εἰκότως·
1690 1625 1715 1674 ὁ

196 1711 281 1776 μὲν
320 1711 413 1778 γὰρ
451 1710 617 1763 παθῶν
659 1718 905 1779 πανταχοῦ
947 1712 1165 1776 βοηθείας
1209 1711 1407 1763 Χδίκαιος
1451 1708 1714 1775 τυγχάνειν,

197 1800 263 1866 τῷ
303 1795 534 1863 δράσαντι
573 1799 613 1846 δ’
649 1797 732 1846 οὐκ
771 1795 882 1860 ’ίσην
920 1794 1007 1859 τὴν
1044 1794 1204 1861 ὀργὴν,
1243 1794 1301 1844 ἄν
1340 1797 1383 1844 θ’
1424 1791 1540 1843 ἑκῶν
1578 1792 1636 1842 ἄν
1672 1796 1745 1844 τέ

129 1878 340 1941 54ἄκων,
384 1877 547 1946 ἔταξεν
594 1878 619 1927 ὁ
665 1876 818 1941 νόμος.
871 1878 1014 1928 ἔπειθ’
1060 1881 1102 1927 οἱ
1153 1879 1336 1945 φονικοὶ
1385 1875 1491 1930 τοὺς
1541 1874 1626 1939 μὲν
1668 1877 1718 1925 ἐκ

196 1963 419 2029 προνοίας
459 1961 849 2014 )ὀίποκτιννυ’ντας
894 1961 1081 2031 θανάτῳ
1124 1965 1200 2011 καὶ
1242 1961 1464 2029 ἀειφυγίᾳ
1506 1961 1582 2010 καὶ
1629 1960 1712 2022 δη-

197 2046 360 2108 μεύσει
397 2049 492 2096 τῶν
524 2044 832 2112 ὑπαρχόντων
868 2045 1104 2111 ζημιοῦσι,
1148 2043 1256 2098 τοῦς
1296 2047 1337 2094 δ’
1377 2043 1610 2096 ἀκουσίως
1649 2046 1730 2092 al·—

199 2130 370 2183 δέσεως
409 2131 484 2179 καὶ
521 2130 879 2196 φιλανθρωπίας
914 2132 1103 2193 πολλῆς
1142 2129 1369 2197 ἠξίωσαν.
1415 2129 1467 2178 οὐ
1497 2127 1643 2191 μόνον
1675 2130 1716 2178 δ’

254 2258 268 2274 ³
288 2253 411 2299 τυχὸν]
434 2254 547 2297 τυχὼν
567 2252 642 2287 O.r.
776 2250 795 2277 b
815 2253 894 2287 ἀλλ’
913 2251 934 2287 ἂ
953 2253 1031 2299 μὲν]
1055 2253 1144 2287 ἀλλὰ
1163 2253 1228 2297 μὴν
1250 2253 1284 2286 S.
1308 2253 1383 2298 (qui
1402 2253 1584 2297 vulgatum
1604 2252 1640 2285 in
1660 2266 1716 2297 γρ.

201 2321 221 2342 a
242 2320 287 2341 m.
309 2313 433 2353 quarta
452 2307 573 2350 habet)
596 2311 631 2340 et
651 2306 808 2340 Galenus
826 2308 894 2341 vol.
919 2316 953 2353 5,
974 2320 1009 2352 p.
1035 2307 1117 2353 178.
1135 2307 1195 2340 ubi
1216 2306 1396 2351 scriptum,
1417 2305 1507 2339 ἀλλὰ
1527 2305 1591 2349 μὴν
1611 2305 1650 2338 ἅν
1669 2319 1720 2339 τις·

201 2361 232 2395 1’1'.
253 2376 284 2395 τ.
305 2362 339 2394 λ.
361 2362 400 2404 φ.
422 2360 463 2399 ἐ.,
485 2360 624 2404 πράξεις
644 2359 843 2404 ὑβριστικὰς
862 2359 1010 2403 ποιήσει.
1079 2365 1092 2379 ⁰
1113 2359 1258 2405 ἐξαχθῇ]
1284 2359 1416 2404 ἐξαφθῇ
1436 2371 1463 2392 r.
1535 2355 1553 2384 (Ῑ
1574 2357 1717 2403 πρᾶξαι]

201 2429 234 2448 τι
254 2415 380 2458 πρᾶξαι
400 2413 622 2447 Α.Ῑ<“.1(.1“«ῐ.ν.
719 2417 734 2436 e
754 2413 881 2456 ποιήσῃ
902 2413 1024 2447 Y.O.s.
1057 2428 1088 2447 τι
1106 2412 1234 2456 ποιήσῃ
1256 2413 1367 2447 A.k.1-.
1399 2412 1598 2457 Legebatur
1618 2413 1722 2444 τοῦτο

200 2466 342 2510 ποιήσῃ.
455 2463 468 2489 f
486 2464 516 2510 γ’
537 2464 602 2510 ἔνι]
627 2466 714 2498 πάνυ
735 2478 786 2511 pr.
806 2466 845 2501 P.
876 2481 955 2512 γενυ
977 2479 1027 2511 pr.
1051 2467 1085 2500 S.
1117 2478 1186 2500 om.
1207 2465 1333 2499 Y.O.s.
1449 2471 1464 2494 'o'
1484 2464 1635 2509 πολλοῦ]
1659 2465 1721 2497 τοῦ

201 2522 336 2554 πολλοῦ
357 2519 400 2553 Ο.
500 2516 519 2542 h
539 2520 599 2551 τοῦ
620 2530 690 2552 om.
713 2525 738 2552 t.
839 2517 847 2543 i
868 2519 1003 2565 ἀπέχει]
1030 2520 1182 2553 Literam
1203 2519 1352 2564 primam
1373 2518 1408 2551 in
1429 2518 1533 2551 litura
1552 2518 1658 2551 habet
1678 2518 1720 2550 A.

202 2586 222 2613 k
251 2587 530 2630 βεβουλευμένως
555 2587 733 2622 P.S.Y.O.
765 2594 798 2622 ct
820 2589 966 2623 correcti
990 2602 1018 2623 s.
1040 2601 1072 2622 v.
1103 2578 1374 2630 fiefiovkevpev‘gs
1398 2592 1423 2620 t.
1453 2587 1724 2630 βεβουλευμένος

202 2642 320 2688 vulgo.
388 2638 397 2665 ¹
418 2640 582 2686 φανερός]
607 2641 761 2686 φανερῶς
782 2642 895 2676 A.k.r.
966 2648 995 2666 m
1016 2639 1279 2684 ἂ-πεποιηκὼς
1294 2652 1362 2673 om.
1384 2653 1436 2685 pr.
1454 2641 1493 2674 P.
1565 2646 1583 2664 ¹¹
1605 2638 1720 2685 ὕβρει]

203 2709 302 2756 ὕβριν
322 2709 477 2745 Y.O.s.t.
510 2699 609 2754 ὕβρῖν
628 2723 661 2744 ν.
693 2709 789 2754 ὕβρις
808 2723 860 2756 pr.
884 2712 919 2744 S.
1031 2716 1048 2735 0
1070 2711 1210 2744 σκοπεῖν
1230 2710 1281 2742 δεῖ
1302 2709 1537 2743 P.S.Y.O.r.s.
1569 2710 1621 2743 δεῖ
1639 2722 1720 2741 σκο-

202 2766 278 2798 πεῖν
296 2764 412 2809 vulgo.
528 2770 545 2798 1·
566 2763 745 2808 ἑκουσίως]
771 2764 947 2798 ἑκουσίους
966 2769 992 2798 t.
1024 2761 1161 2806 ἑκουσίᾳ
1181 2775 1276 2796 r.s.v.
1380 2766 1396 2788 ‘¹
1417 2761 1718 2807 πλημμελοῦντας]

203 2832 235 2850 τι
254 2818 537 2860 πλημμελοῦντας
557 2818 623 2851 r.k.
737 2821 751 2839 Γ
769 2815 826 2862 ἂν]
851 2817 908 2850 ἐὰν
928 2818 956 2850 Α
973 2818 1007 2850 k.
1120 2824 1133 2841 ⁵
1155 2816 1237 2848 ἑκὼν
1260 2814 1530 2849 P.S.Y.O.s.t.v.
1563 2815 1720 2860 Legeba-

203 2876 261 2904 tur
281 2871 363 2904 ἑκών
383 2884 445 2904 τις.
583 2869 597 2894 t
616 2870 656 2904 τὸ
675 2870 809 2911 βλάβος
829 2882 898 2903 om.
920 2876 947 2904 t.
1074 2876 1091 2895 ¹¹
1115 2867 1311 2902 κελεύουσιν
1331 2868 1486 2913 ἐκτίνειν]
1512 2869 1650 2902 ἐκτίνειν
1669 2881 1721 2900 κε-

203 2922 363 2956 λεύουσιν
385 2936 409 2956 ι’.
554 2929 571 2947 ¹
593 2923 719 2957 δίκαιος
741 2924 775 2956 S.
808 2923 1007 2968 chebatur
1028 2923 1153 2956 δίκαιός
1173 2921 1260 2954 ἐστι.
1401 2927 1418 2953 Y
1438 2919 1717 2965 ἀποκτιννύντας]

203 2975 481 3010 ἀποκτειννύντας
503 2977 539 3009 S.
