1954 3273
305 350 436 389 Φόνου
467 350 508 389 δὲ
540 350 646 391 δίκας
680 348 731 399 μὴ
765 347 865 388 εἶναι
896 350 1101 399 θμηὸαμοΰ
1133 347 1229 386 κατὰ
1259 349 1336 385 τῶν
1366 345 1453 387 τοὺς
1483 344 1759 396 φεύγονταςιο

250 415 538 463 ἐιδεικνύντων,
563 415 632 456 ἐάν
652 432 707 457 τις
728 416 836 466 κατίῃ
858 416 947 455 ὅποι
966 433 1017 466 μη
1041 414 1205 465 ἔξεστιν.

264 496 326 545 ‘O
361 493 447 557 μὲν
483 492 621 557 νόμος
656 495 785 543 ἐστιν
821 492 954 545 οὑτος
979 491 1327 558 Δράκοντος,ὠ
1290 489 1536 556 ὧῖὁίνδρες
1562 490 1708 553 Ἀθη-

0 0 16 239 3
67 159 219 213 ——637,
240 175 269 203 7·
630 162 772 199 ΚΑΤΑ
807 159 1264 198 ΑΡΙΣΤΟΚΡΑΤΟΎΣ.
1622 153 1706 197 667

0 439 4 615 ἒ

126 681 177 723 57

126 1256 180 1310 58

127 1930 182 1972 59

130 2364 184 2402 60

194 583 323 640 ναῖοι,
364 580 438 628 καὶ
483 581 524 628 οἱ
569 577 711 627 ἄλλοι
749 575 848 639 ἕδὲ,
888 574 1030 629 ὅσους
1072 578 1122 626 ε’κ
1164 580 1258 626 τῶν
1302 578 1509 643 φονικῶν
1553 571 1709 636 νόμων

785 660 796 677 λ
858 658 875 675 Α

193 661 590 730 παρεγραψάμην·
638 663 708 710 δεῖ
748 662 809 721 δε,
850 683 880 710 α
924 659 1063 725 λέγει,
1104 659 1397 727 σκέψασθαι.
1456 656 1575 707 κατὰ
1614 661 1709 707 τῶν

194 745 530 807 ἐνδεικνύντων,
558 747 692 813 φησὶ,
720 744 825 798 τοὺς
852 743 1093 797 κατιόντας
1120 743 1449 811 ἀνδροφόνους,
1477 741 1613 792 11ὅποι
1643 739 1707 804 μὴ
1725 768 1760 798 15

194 830 363 899 ἔξεστι,
391 831 519 883 δίκας
546 828 692 897 φόνου
728 828 792 893 μὴ
827 828 954 880 εἶναι.
1011 828 1216 879 ίἐνταυθὶ
1252 826 1334 878 δύο
1370 830 1511 890 δηλοῖ
1542 825 1707 888 δίκαια,

673 913 694 940 k

194 913 225 965 ἃ
259 916 365 981 παρ’
395 913 640 981 ἀμφότερα
706 915 839 968 οὗτος
876 914 1024 980 είρηκε
1062 936 1116 964 το
1150 911 1453 981 ψήφισμα,
1439 911 1508 961 ότι
1545 933 1596 961 τε
1631 912 1704 960 ε’ν-

193 998 418 1049 δεικνύναι
445 999 610 1049 δίδωσι
635 997 717 1049 τὸν
744 996 1036 1066 ἀνδροφόνον
1065 1021 1140 1048 και
1177 997 1259 1047 οὑκ
1295 995 1436 1046 αὐτὸν
1467 994 1710 1060 ἀγώγιμον

193 1082 407 1149 οἴχεσθαι
446 1081 674 1144 λαβόντα,
713 1083 789 1132 καὶ
835 1081 917 1144 ὅτι,
957 1081 1036 1133 ε’ἀν
1074 1083 1209 1149 κατίῃ
1248 1104 1316 1134 τις
1353 1079 1482 1130 Ιὅποι
1521 1103 1585 1143 μη
1625 1078 1706 1146 ἕξ-

194 1188 309 1227 εστι,
349 1167 423 1215 καὶ
470 1164 582 1215 αὐτὸ
621 1171 759 1216 τοῦτο
798 1167 1073 1228 δίδωσιν,““
1090 1166 1176 1231 οὐχ
1215 1164 1318 1215 όποι
1357 1163 1586 1223 βούλεταί
1619 1185 1704 1215 τις.
1723 1185 1764 1207 20

195 1249 275 1298 οὐκ
303 1247 460 1316 ἔξεστι
487 1246 535 1299 δὲ
567 1252 690 1299 Πποῖ
705 1270 717 1310 3
768 1248 825 1316 ἐξ
852 1247 906 1312 ἧς
939 1245 997 1297 ἂν
1024 1246 1208 1314 οφεύγῃ
1234 1254 1253 1281 P
1267 1270 1336 1300 τις
1370 1245 1570 1298 πόλεως.
1618 1251 1711 1296 ποῦ

192 1335 266 1381 καὶ
305 1330 498 1398 σφόδρα
536 1335 708 1399 σαφῶς
746 1337 884 1381 τοῦτο
923 1334 1092 1395 δηλοῖ;
1148 1329 1228 1380 εὀἷν
1265 1353 1334 1384 τις
1379 1330 1526 1395 κατίῃ,
1566 1330 1706 1396 φησί.

192 1421 328 1465 τοῦτο
364 1417 400 1465 δ’
431 1416 512 1465 οὐκ
548 1415 674 1465 qe'irr'
709 1416 992 1479 Γἐπενεγκεῖν
1027 1414 1157 1481 ἄλλῃ
1192 1413 1354 1464 Ξπόλει
1393 1412 1523 1477 πλὴν
1561 1411 1618 1476 ἣν
1654 1411 1712 1463 ἂν

194 1499 345 1566 φεύγῃ
383 1516 463 1552 τις·
510 1497 616 1548 ὅθεν
653 1496 746 1563 γὰρ
785 1497 918 1561 ῒμηδ
957 1496 1155 1566 ἐξέπεσέ
1190 1520 1260 1550 τις
1298 1496 1384 1561 τὴν
1422 1495 1587 1564 ἀρχὴν,
1627 1498 1710 1547 οὐκ

193 1582 257 1632 ε”νι
289 1584 438 1646 δήπου
472 1586 714 1633 κατελθεῖν
747 1586 808 1636 εἷς
840 1581 1028 1645 ταύτην.
1084 1582 1108 1630 6
1142 1580 1227 1644 μὲν
1260 1582 1414 1631 τοίνυν
1451 1580 1592 1644 νόμος
1629 1580 1737 1631 ἕν·
1723 1607 1761 1638 25

1091 1666 1102 1683 l
1162 1665 1217 1690 u&

191 1668 334 1735 δειξιν
369 1668 548 1729 δέδωκε,
580 1669 654 1717 καὶ
689 1666 876 1730 ταύτην,
904 1665 961 1716 ἂν
993 1689 1127 1732 κατιῃ
1194 1687 1300 1718 οποι
1337 1663 1401 1728 μὴ
1438 1665 1638 1732 ε’ξεστιν·
1683 1666 1707 1715 6

192 1750 239 1800 δὲ
265 1750 504 1815 ἀγώγιμος
533 1750 656 1801 ε”στω
684 1749 894 1817 γε’γραφε
925 1750 1238 1810 κάντεῦθεν,’
1214 1765 1320 1801 οποι
1348 1748 1537 1817 φεύγειν
1563 1749 1709 1802 οὐδεις

194 1833 360 1884 κωλύει
387 1832 541 1897 νόμος.

328 1918 341 1934 Ι
417 1925 435 1943 Χ
458 1918 489 1934 3Ι’
667 1917 676 1932 Ι

267 1921 390 1982 Λεγε
447 1925 600 1968 αλλον
627 1941 782 1981 νομον.

837 2007 1058 2047 ΝΟΜΟΣ.
1723 2015 1802 2069 637

305 2076 403 2117 Ἐάν
433 2094 488 2119 τις
521 2078 727 2133 ἀποκτείνῃ
762 2079 805 2118 εἰ)
836 2079 971 2121 ἄθλοις
1001 2079 1116 2124 ἄκων,
1149 2076 1172 2128 ἢ
1205 2079 1247 2118 ἐν
1279 2080 1353 2133 ὁδῷ
1387 2079 1577 2124 καθελὼν,
1610 2077 1632 2129 ἦ
1665 2080 1708 2118 ἐν

249 2144 408 2199 πολέμῳ
441 2144 650 2196 ἀγνοήσας,
683 2144 705 2195 ἣ
737 2145 799 2185 ἐπὶ
831 2145 992 2197 δάμαρτι
1022 2144 1077 2195 VJ)
1111 2146 1172 2185 ἐπὶ
1207 2146 1319 2198 μητρὶ
1351 2144 1373 2196 ἢ
1407 2145 1464 2185 ἐπ’
1498 2147 1651 2198 ἀδελφῇ
1683 2145 1706 2197 ἢ

250 2211 312 2251 ἐπὶ
346 2212 517 2264 θυγατρὶ,
549 2211 571 2262 ἦ
604 2213 665 2252 ἐπὶ
697 2213 880 2268 παλλακιῗ
913 2212 991 2263 Ζῆν
1021 2213 1070 2253 ἂν
1103 2211 1160 2253 ἐπ’
1195 2213 1414 2265 ἐλευθέροις
1446 2215 1582 2254 παισὶν
1619 2215 1736 2267 ἕχῃ,5

250 2279 395 2319 τούτων
416 2280 530 2319 ἕνεκα
549 2278 600 2330 μὴ
623 2278 786 2332 φεύγειν
807 2280 1024 2320 κτείναντα.

268 2361 518 2420 ἱὶΠολλῶν,
547 2355 584 2407 ὦ
614 2356 804 2424 ὒὸίνδρες
834 2359 1089 2422 Ἀθηναῖοι,
1117 2359 1272 2423 νόμων
1304 2359 1466 2422 ὄντων,
1493 2365 1599 2425 παρ’
1630 2359 1708 2413 οὓς

249 2509 264 2528 e
283 2504 455 2550 μηδαμοῦ]
481 2504 628 2548 οὐδαμοῦ
648 2517 679 2538 v.
779 2502 794 2530 f
808 2505 926 2550 ἅνδρες
945 2517 1014 2540 om.
1035 2507 1153 2541 A.k.v.
1252 2512 1273 2539 g
1293 2507 1329 2540 δὲ
1349 2519 1417 2541 om.
1439 2508 1473 2541 k.
1566 2504 1587 2531 h
1607 2506 1702 2552 ὅποι]

793 2568 820 2585 GL

195 2588 280 2622 ὅπου
299 2601 332 2623 v.
473 2586 483 2613 i
505 2589 654 2635 ἐιταυθὶ]
679 2591 812 2625 ἐνταυθὶ
836 2591 873 2624 F.
895 2603 1046 2636 quocum
1066 2604 1137 2626 non
1157 2593 1271 2626 solum
1291 2593 1333 2633 B,
1354 2593 1415 2626 sed
1436 2593 1540 2626 etiam
1560 2594 1601 2626 A.
1623 2604 1706 2626 con-

196 2642 312 2682 sentit,
332 2642 368 2675 in
388 2654 457 2687 quo
477 2644 509 2675 οῖ
528 2655 547 2675 a
567 2655 612 2677 m.
632 2655 702 2678 rec.
724 2644 997 2689 superscriptum
1017 2657 1091 2678 esse
1110 2645 1202 2691 fugit
1222 2646 1416 2680 Reiskium.
1458 2646 1613 2679 ἐνταυθοῖ
1638 2646 1704 2679 k.1·.

196 2707 259 2728 s.v.
361 2691 384 2720 k
404 2694 520 2741 οὗτος]
545 2694 650 2730 οὕτως
668 2697 703 2730 k.
805 2694 813 2723 l
836 2696 931 2743 ὅποι]
956 2697 1040 2731 ὅπου
1060 2699 1096 2732 k.
1127 2698 1192 2742 ἄπη
1211 2711 1273 2733 r.v.
1384 2704 1415 2723 m
1436 2699 1499 2743 οὐχ
1520 2698 1615 2744 ὅποι]
1641 2699 1705 2742 οὐχ

197 2747 261 2790 ὅπη
281 2759 313 2781 ν.
389 2753 409 2771 ¹¹
429 2747 504 2793 ποῖ]
528 2749 572 2791 πῆ
593 2761 624 2782 v.
701 2754 719 2774 0
739 2749 867 2795 φεύγῃ]
892 2749 1016 2796 φεύγοι
1035 2751 1070 2785 k.
1144 2757 1163 2784 P
1183 2751 1251 2797 τις]
1275 2753 1333 2795 τῆς
1352 2752 1492 2785 A.k.r.s.
1569 2759 1587 2786 ‘l
1608 2750 1701 2796 ἔστ’]

196 2800 294 2833 ἔσται
313 2801 384 2834 k.v.
495 2806 510 2825 Γ
529 2801 732 2847 ἐπενεγκεῖν]
756 2802 948 2848 ἀπενεγκεῖν
967 2805 1070 2839 A.r.s.
1187 2810 1201 2829 S
1221 2805 1338 2851 πόλει]
1363 2806 1462 2838 πόλει
1481 2806 1628 2848 τοῦνομα
1646 2818 1703 2849 γρ.

200 2852 238 2886 F.
260 2858 294 2886 et
313 2865 381 2887 ree.
405 2853 441 2888 S.
552 2853 565 2878 t
584 2853 676 2900 μηδ’]
700 2856 744 2899 μὴ
764 2856 870 2891 A.r.s.
967 2862 988 2882 Π
1008 2856 1102 2902 ὅποι]
1126 2856 1210 2891 ὅπου
1231 2858 1269 2892 F.
1364 2864 1381 2879 x
1402 2857 1527 2902 ἶίλλον]
1551 2858 1611 2890 τὸν
1630 2857 1703 2891 k.v.

199 2911 216 2938 Y
237 2904 254 2947 ἢ
275 2906 329 2939 ἐπὶ
347 2907 448 2950 μητρὶ
467 2918 535 2941 om.
559 2907 593 2941 S.
722 2914 740 2933 Ζ
763 2907 817 2954 ἦν]
841 2908 859 2952 ἢ
880 2908 919 2953 ἣν
937 2922 970 2944 v.
1100 2916 1118 2935 a
1137 2910 1303 2956 Πολλῶν]
1328 2910 1480 2955 ἐπίσχες.
1516 2911 1658 2944 πολλῶν
1676 2922 1703 2943 ι’.

199 2954 218 2982 b
239 2958 354 3003 ἄνδρες
373 2970 442 2993 om.
464 2960 612 2994 A.k.r.v.
1189 2976 1191 2979 ·
