1954 3273
276 217 361 258 518
824 221 1250 260 ΔΗΜΟΣΘΕΝΟΎΣ
1431 219 1515 259 OR.
1534 218 1656 259 XX.—
1670 232 1707 273 p.
1725 231 1822 273 491,
1835 232 1912 258 6—

276 329 331 381 τὸ
363 331 652 398 ἐπίγραμμα.
707 330 798 398 ἐγὼ
825 333 863 381 δ’
892 332 1096 396 ἡγοῦμαι
1129 337 1295 383 τοῦτον
1327 331 1410 382 τὸν
1444 329 1604 396 λόγον,
1632 329 1668 381 ὦ
1700 331 1784 382 ἅν-

277 416 380 479 δρες
407 419 662 479 Ἀθηναῖοι,
690 414 808 465 κατὰ
832 413 976 466 πόλλ’
1006 415 1290 483 ἀσύμφορον
1315 413 1428 466 εἶναι
1459 419 1516 481 τῇ
1542 413 1679 465 πόλει
1704 414 1784 465 λε’-

185 517 263 560 125
278 501 463 563 γεσθαι,
489 497 608 565 πρὸς
643 499 691 549 δὲ
727 501 804 549 καὶ
838 497 970 549 Χούδὲ
1009 500 1199 549 δίκαιον.
1254 503 1291 549 εἰ
1329 498 1413 562 μὲν
1447 497 1540 563 γὰρ
1575 498 1792 566 ἀναξίους

277 579 396 631 εἶναι’
439 604 507 635 τις
553 580 697 650 φήσει
746 582 980 635 κάκείνους
1024 586 1265 645 τιμᾶσθαι,
1308 583 1376 635 τίς
1421 581 1566 649 ἄξιος,
1605 580 1791 644 εἰπάτω,

276 668 313 715 εἰ
346 664 464 729 μήτε
497 669 592 715 τῶν
618 665 884 731 Υπροτέρων
919 667 1075 729 μηδεὶς
1110 665 1226 729 μήτε
1260 669 1354 715 τῶν
1385 664 1634 731 Ζὺστέρων·
1674 669 1710 715 εὶ
1743 665 1845 715 δὲιο

276 748 450 812 μηδένα
476 747 635 817 φήσει,
662 749 1037 816 συναχθεσθείην
1062 747 1146 799 ὃᾶν
1176 749 1324 814 ε”γωγε
1349 747 1436 816 ἴ’τῇ
1463 747 1614 811 πόλει,
1641 752 1678 798 εὶ
1703 771 1792 811 μη-

277 833 368 885 δεὶς
393 833 441 882 ἐν
467 831 637 883 ἅπαντι
662 837 729 901 τῷ
753 832 908 902 χρόνῳ
934 833 1125 898 γε’γονεν
1151 833 1282 901 ἄξιος
1309 834 1357 882 εὖ
1383 836 1560 883 παθεῖν.
1601 834 1676 883 καὶ
1700 832 1793 896 μὴν

276 915 319 965 εἴ
347 937 401 980 γε
436 916 687 981 ὁμολογῶν
714 917 909 969 ἐκείνους
936 914 1050 966 εῖναι
1076 916 1362 969 σπουδαίους
1393 915 1457 978 μὴ
1484 915 1795 982 τετυχηκότας

275 999 439 1067 οδείξει
476 999 685 1064 μηδενὸς,
722 1003 804 1064 τῆς
840 998 1025 1054 πόλεως
1064 1003 1125 1053 ὡς
1164 1000 1424 1067 ἀχαρίστου
1464 998 1613 1062 δήπου
1652 1022 1792 1063 κατη-

275 1088 417 1149 γορεῖ.
481 1083 584 1134 ἔστι
623 1087 664 1134 δ’
693 1085 778 1151 οὐχ
811 1085 931 1134 οὕτω
969 1085 1094 1134 ταῦτ’
1129 1083 1309 1149 ἔχοντα,
1351 1084 1443 1133 οὐδ’
1477 1082 1641 1147 ὀλίγου
1676 1082 1785 1134 ἀδεῖ.
1808 1108 1844 1138 15

277 1167 388 1216 ἀλλ’
422 1166 606 1218 ἐπειδάν
644 1190 726 1229 τις,
760 1165 899 1231 οἶμαι,
936 1171 1210 1232 κακουργῶν
1244 1168 1350 1217 θέπὶ
1388 1165 1452 1230 μὴ
1489 1166 1794 1232 προσήκοντα

276 1248 534 1316 πράγματα
595 1249 703 1304 τοὺς
766 1250 938 1316 λόγους
1001 1249 1253 1318 μεταφέρῃ,
1308 1252 1549 1316 δυσχερεῖς
1611 1248 1792 1314 ἀνάγκη

184 1331 562 1402 Ιαόίφαίνεσθαι.
616 1337 677 1388 ὡς
709 1333 757 1385 δὲ
792 1334 992 1398 τάληθές
1025 1335 1089 1384 ἔτ’
1124 1333 1216 1399 ε”χει
1250 1335 1324 1383 καὶ
1359 1333 1534 1383 δίκαιόν
1568 1335 1671 1383 ε’στι
1706 1334 1788 1384 λε’-

275 1438 388 1481 γειν,
415 1416 507 1481 ἐγὼ
532 1417 651 1483 πρὸς
678 1419 796 1481 ὑμᾶς·
822 1419 923 1483 ἐρῶ.
974 1415 1113 1479 ἦσαν,
1140 1414 1176 1465 ὦ
1202 1415 1365 1481 ἄνδρες
1389 1417 1644 1479 Ἀθηναῖοι,
1670 1423 1791 1467 πολ-
1806 1443 1846 1465 20

275 1503 353 1550 λοὶ
387 1504 481 1550 τῶν
514 1500 742 1567 πρότερον
776 1504 1038 1562 σπουδαῖοι,
1067 1501 1142 1550 καὶ
1174 1500 1202 1562 ἡ
1233 1498 1373 1552 πόλις
1399 1500 1529 1563 ἡμῶν
1555 1500 1686 1562 ἐτίμα
1718 1502 1792 1550 καὶ

275 1582 380 1634 τότε
424 1583 531 1638 τοὺς
575 1585 794 1650 ἀγαθούς·
850 1587 896 1634 αἱ
940 1583 1096 1647 μέντοι
1143 1585 1271 1646 τιμαὶ
1318 1584 1392 1633 καὶ
1436 1583 1596 1633 τᾶλλα
1639 1582 1795 1634 πάντα

275 1666 335 1717 τὰ
364 1667 449 1730 μὲν
474 1667 572 1719 τότ’
599 1667 656 1733 ἧν
682 1670 756 1719 ἐπὶ
785 1673 880 1722 τοῖς
911 1666 1005 1718 τότ’
1033 1667 1174 1728 ἔθεσι,
1202 1665 1260 1716 τὰ
1288 1665 1335 1717 δὲ
1363 1673 1445 1717 νῦν
1471 1669 1544 1718 ἐπὶ
1570 1672 1665 1720 τοῖς
1693 1673 1789 1718 νῦν.

274 1749 393 1817 πρὸς
428 1752 508 1802 οὖν
541 1753 590 1802 τί
624 1758 761 1803 τοῦτο
796 1752 957 1817 λέγω;
1005 1750 1074 1801 ὅτι
1108 1749 1313 1818 φήσαιμ’
1343 1749 1400 1801 ἂν
1435 1750 1570 1817 ἔγωγ’
1599 1752 1796 1805 ἐκείνους

275 1834 357 1884 οὐκ
391 1834 521 1885 ε”στιν
557 1835 665 1886 ὅτου
699 1834 829 1901 παρὰ
863 1838 944 1899 τῆς
978 1833 1162 1887 πόλεως
1194 1835 1247 1884 οὐ
1279 1840 1434 1902 τυχεῖν
1466 1833 1530 1885 ὧν
1556 1834 1786 1899 11ἠβουλή-
1804 1861 1842 1892 25

183 1938 258 1981 127
275 1921 443 1982 θησαν.
493 1919 582 1968 τίνι
616 1919 853 1985 χρώμενος
888 1920 1153 1988 τεκμηρίῳ,
1197 1918 1267 1969 ὅτι
1303 1918 1569 1989 Λυσιμάχῳ
1601 1919 1792 1986 δωρεὰν,

274 2001 339 2051 ἑνὶ
365 2006 459 2051 τῶν
484 2001 587 2053 τότε
614 2002 877 2069 χρησίμων,
904 2000 1068 2053 ἑκατὸν
1101 2001 1186 2065 μὲν
1216 2004 1264 2053 ἐν
1291 2004 1472 2071 Εὐβοίᾳ
1498 2003 1683 2070 πλέθρα
1708 2007 1795 2068 γῆς

273 2086 622 2195 πεφυτευμένης
667 2086 854 2148 ἔδοσαν,
893 2085 1059 2136 ἑκατὸν
1097 2085 1145 2136 δὲ
1183 2089 1349 2153 ψιλῆς,
1389 2086 1454 2136 ε”τι
1493 2087 1530 2137 δ’
1573 2088 1796 2152 ἀργυρίου

274 2175 420 2232 ιμνὸἰς
463 2170 643 2233 ἑκατὸν,
688 2193 763 2221 και
810 2192 1031 2235 τετταρας
1083 2172 1165 2232 τῆς
1210 2170 1380 2235 ἡμερας
1426 2170 1652 2237 δραχμάς.
1721 2174 1795 2222 καὶ

275 2275 453 2303 τουτων
494 2252 769 2321 11ἷψηφισμα
813 2253 943 2303 ἐστιν
990 2252 1310 2314 Ἀλκιβιάδου,
1352 2276 1400 2302 εν
1448 2251 1484 2302 ὡ
1530 2260 1678 2304 ταῦτα
1718 2277 1792 2319 γε-
1806 2275 1889 2315 492

275 2357 498 2401 γραπται.
555 2334 659 2386 τότε
697 2335 781 2399 μὲν
819 2359 912 2402 γαρ
953 2336 980 2398 ἡ
1019 2334 1158 2387 πόλις
1197 2336 1327 2398 ἡμῶν
1362 2337 1436 2385 καὶ
1474 2358 1560 2400 γης
1595 2334 1795 2403 ιεὐπόρει

275 2422 351 2469 καὶ
377 2420 644 2487 χρημάτων,
673 2426 755 2471 νῦν
782 2423 819 2470 δ’
848 2420 1108 2486 εὐπορήσει·
1149 2423 1219 2470 δεῖ
1249 2418 1341 2484 γὰρ
1375 2420 1494 2469 οὕτω
1529 2419 1683 2485 λέγειν
1718 2423 1792 2471 καὶ

275 2502 339 2567 μὴ
372 2507 697 2571 βλασφημεῖν.
751 2505 898 2554 καίτοι
933 2504 1014 2554 τίν’
1045 2504 1126 2553 οὐκ
1159 2502 1216 2553 ἂν
1248 2503 1401 2554 οἴεσθε
1438 2508 1519 2553 νῦν
1549 2502 1603 2554 τὸ
1636 2505 1821 2569 τρίτον5

332 2683 351 2703 Χ
372 2678 448 2713 οὐδὲ
471 2679 650 2713 S.Y.r.t.v.
687 2679 885 2725 Legebatur
906 2680 958 2715 οὐ.
1095 2685 1112 2712 5
1133 2681 1305 2725 προτέρων
1324 2679 1559 2714 A.S.O.k.r.s.
1596 2680 1795 2726 chebatur

277 2733 453 2777 πρότερον.
555 2738 572 2756 Ζ
595 2733 747 2778 ὑστέρων
767 2733 971 2767 A.S.O.k.s.
1010 2733 1208 2778 Legebsstlu·
1229 2731 1384 2777 ὕστερον.
1495 2739 1513 2757 a
1533 2731 1572 2766 ἂν
1592 2746 1664 2769 om.
1685 2735 1796 2768 codex

279 2785 397 2819 nescio
417 2785 494 2830 quis
515 2786 678 2819 Bekkeri.
776 2783 793 2809 b
815 2788 854 2827 τῇ
875 2788 973 2819 πόλει
994 2798 1064 2819 om.
1087 2792 1111 2819 t.
1208 2791 1223 2810 0
1244 2785 1362 2831 δείξει]
1388 2785 1480 2831 δείξῃ
1502 2788 1543 2820 Α.
1548 2787 1582 2820 k.
1587 2799 1614 2820 s.
1711 2785 1726 2808 ‘¹
1746 2787 1798 2821 δεῖ

280 2838 328 2872 11.
345 2838 515 2872 KVolfius:
547 2838 745 2884 Legebatur
766 2839 846 2873 δεῖν.
937 2844 951 2862 ⁰
972 2839 1044 2884 ἐπὶ]
1069 2839 1122 2872 ἐπὶ
1143 2840 1183 2872 τὰ
1203 2851 1229 2872 r.
1319 2836 1333 2862 f
1351 2838 1551 2901 φαίνεσθαι]
1577 2841 1744 2884 φέρεσθαι
1765 2853 1792 2874 r.

281 2896 300 2925 g
321 2891 348 2924 τ’
371 2904 439 2925 om.
459 2892 556 2927 F.r.t.
644 2889 661 2918 ¹¹
684 2891 942 2938 ἠβουλήθησαν]
966 2892 1204 2935 ἐβουλήθησαν
1224 2892 1260 2926 S.
1265 2905 1296 2925 x.
1389 2895 1500 2937 ιμνιις
1520 2892 1653 2939 ἑκατὸν]
1677 2895 1796 2927 εκατὸν

280 2973 362 3013 μνᾶς
382 2984 410 3005 ι’.
505 2969 523 2995 k
545 2971 732 3017 ψήφισμα]
756 2975 823 3006 τῶν
843 2973 1081 3018 ψηφισμάτων
1100 2985 1127 3006 r.
1229 2969 1237 2998 l
1258 2972 1409 3018 εὐπόρει]
1434 2956 1573 3017 ευπόρει
1594 2972 1629 3006 S.
1651 2974 1685 3015 (η
1706 2985 1725 3006 a
1746 2984 1792 3006 m.

280 3025 451 3069 antiqua).
488 3025 624 3070 εὐπορεῖ
642 3038 693 3071 pr.
717 3028 751 3060 S.
