1954 3273
19 185 173 232 -745‚
194 195 224 218 ⁴¹·
614 184 751 221 ΚΑΤΑ
783 183 1187 221 ΤΙΜΟΚΡΑΤΟὙΣ.
1574 177 1657 218 777

143 296 274 354 θετεῖ,
301 294 377 343 καὶ
418 292 497 343 ἐὰν
533 293 618 356 μὲν
653 294 769 362 δόξῃ
809 293 954 346 καλὸς
986 294 1060 342 καὶ
1096 290 1330 358 χρήσιμος
1368 287 1481 339 εἶναι
1519 290 1543 338 ὁ
1584 287 1657 338 νό-

143 399 244 438 μος,
271 375 324 443 ζῇ
356 378 380 427 ὁ
414 380 552 431 τιθεὶς
587 380 660 428 καὶ
695 377 976 444 ιοἰπέρχεται,
1004 379 1041 425 εἱ
1076 374 1125 426 δὲ
1159 373 1238 438 μὴ,
1273 373 1491 436 τέθνηκεν
1523 374 1657 422 ιῃἐπι-

54 477 133 516 160
144 460 447 515 σπασθέντος
481 468 563 512 τοῦ
587 461 784 529 βρόχου.
827 465 902 511 καὶ
928 460 1021 526 γάρ
1055 482 1124 510 τοι
1151 457 1333 511 καινοὺς
1359 457 1443 519 μὲν
1469 457 1521 506 οὐ
1546 463 1657 506 τολ-
1674 479 1713 500 ιο

143 549 271 607 μῶσι
311 546 554 596 Πτίθεσθαι
595 545 803 609 ονόμους,
838 550 934 597 τοῖς
969 544 1017 594 δὲ
1053 543 1229 594 Ρποῖλαι
1265 541 1483 604 κειμένοις
1520 541 1655 605 ἀκρι-

143 632 242 687 βῶς
280 633 499 695 χρῶνται.
543 631 626 680 qe'v
651 634 852 682 πολλοῖς
881 628 929 679 δὲ
965 626 1089 679 πάνυ
1125 626 1292 687 ἔτεσιν,
1319 623 1356 675 ὦ
1391 625 1553 691 ἄνδρες
1593 625 1659 673 δι-

145 713 331 774 κασταὶ,
370 711 431 765 εἷς
476 713 660 778 λέγεται
701 714 809 779 παρ’
852 713 1006 765 αὐτοῖς
1050 711 1218 773 Γνόμος
1264 709 1419 762 καινὸς
1457 710 1657 769 τεθῆναι.

145 794 278 849 ὄντος
305 795 396 862 γὰρ
423 796 584 847 αὐτόθι
623 795 778 860 νόμου,
806 795 884 847 ἐάν
918 819 987 849 τις
1026 793 1280 863 ὀφθαλμὸν
1319 792 1514 860 ἐκκόψῃ,
1542 793 1655 842 ἀντ-

145 879 343 948 εκκόψαι
381 886 648 948 παρασχεῖν
681 879 763 931 τὸν
803 883 981 942 ἑαυτοῦ,
1021 882 1094 929 καὶ
1135 879 1189 928 οὐ
1233 875 1486 944 χρημάτων
1526 875 1711 939 τιμή-ιε

146 985 267 1016 σεως
307 964 533 1026 οὐδεμιᾶς,
573 962 835 1027 ἀπειλῆσαί
865 986 934 1017 τις
972 962 1158 1027 λέγεται
1189 959 1355 1028 ἐχθρὸς
1391 962 1544 1028 ἐχθρῷ
1581 959 1661 1009 ἕνα

57 1058 130 1097 161
149 1046 302 1113 ε”χοντι
329 1047 583 1115 ὀφθαλμὸν
609 1047 679 1098 ὅτι
705 1048 846 1098 αὐτοῦ
873 1047 1063 1115 ἐκκόψει
1090 1052 1255 1097 τοῦτον
1280 1044 1363 1095 τὸν
1389 1045 1479 1095 ἕνα.
1522 1066 1655 1108 γενο-

147 1131 287 1195 μένης
323 1131 370 1182 δὲ
408 1133 580 1196 ταύτης
620 1136 701 1196 τῆς
740 1135 936 1195 ἀπειλῆς
973 1135 1195 1199 χαλεπῶς
1239 1129 1458 1195 5ἐνεγκὼν
1499 1129 1523 1178 ὁ
1559 1130 1658 1179 ἑτε-

146 1214 442 1282 ρόφθαλμος,
469 1218 543 1266 καὶ
579 1217 833 1282 ἡγούμενος
868 1216 1072 1276 ἀβίωτον
1109 1216 1254 1282 tabu}
1293 1212 1405 1263 εῖναι
1444 1211 1526 1263 τὸν
1556 1213 1663 1273 βίον

147 1305 284 1349 τοῦτο
319 1299 531 1361 παθόντι,
570 1300 758 1365 λέγεται
795 1302 1035 1363 τολμῆσαι
1077 1297 1220 1361 νόμον
1254 1301 1544 1362 εἰσενεγκεῖν,
1584 1294 1663 1346 ἐάν
1676 1320 1717 1341 20

147 1406 216 1435 τις
260 1383 339 1433 ἕνα
383 1383 604 1450 “ε”χοντος
645 1382 900 1451 ὀφθαλμὸν
950 1381 1145 1449 ἐκκόψῃ,
1191 1380 1336 1447 ἄμφω
1376 1377 1664 1447 ἀντεκκόψαι

147 1471 429 1533 παρασχεῖν,
456 1467 531 1517 ἵνα
569 1471 627 1533 τῇ
662 1466 745 1534 ἰ’σῃ
771 1469 1003 1533 συμφορᾷ
1029 1463 1287 1532 ἀμφότεροι
1326 1467 1544 1530 χρῶνται.
1589 1464 1665 1512 καὶ

148 1555 315 1600 τοῦτον
335 1549 480 1613 μόνον
506 1551 727 1616 λέγονται
750 1551 923 1615 Λοκροὶ
949 1548 1142 1599 Χθέσθαι
1169 1547 1252 1598 τὸν
1272 1546 1415 1611 νόμον
1436 1548 1483 1597 ἐν
1502 1551 1666 1597 Υπλεῖν

58 1634 179 1699 16αῆ
220 1636 472 1688 διακοσίοις
510 1634 679 1686 ἔτεσιν.
741 1638 783 1684 οὶ
815 1632 863 1684 δὲ
897 1634 1004 1698 παρ’
1034 1633 1168 1695 Ζἡμῖν
1199 1630 1403 1698 ῥήτορες,
1431 1629 1467 1680 ὦ
1502 1630 1666 1695 ἄνδρες

149 1721 381 1781 δικασταὶ,
407 1724 595 1784 πρῶτον
620 1718 705 1782 μὲν
731 1718 836 1768 ὅσοι
862 1720 1002 1780 μῆνες
1027 1722 1191 1782 μικροῦ
1218 1715 1375 1765 δεόυσι
1402 1718 1665 1776 νομοθετεῖν
1678 1733 1716 1764 ²5

149 1803 209 1853 τὰ
244 1805 398 1856 αὑτοῖς
428 1803 748 1871 συμφέροντα,
783 1801 922 1852 ἔπειτ’
951 1801 1081 1850 αὐτοὶ
1115 1798 1201 1862 μὲν
1235 1797 1343 1852 τοὺς
1381 1797 1566 1850 ἰδιώτας
1605 1801 1667 1850 εὶς

150 1886 203 1938 τὸ
246 1885 568 1951 δεσμωτήριον
609 1886 822 1951 ἄγουσιν,
856 1884 968 1934 ὅταν
1008 1884 1234 1950 ἄρχωσιν,
1275 1884 1346 1951 ἐφ’
1387 1883 1589 1935 ἢὲαυτοῖς
1628 1882 1667 1930 δ’

150 1973 233 2022 οὐκ
271 1972 445 2022 οἴονται
484 1974 576 2021 δεῖν
601 1969 773 2021 Ι)ταύτὸ
811 1970 988 2020 δίκαιον
1019 1970 1164 2018 οτοῦτ’
1194 1966 1324 2018 εῖναι·
1366 1967 1524 2017 ἔπειτα
1561 1965 1668 2018 τοὺς

150 2054 234 2118 μὲν
273 2053 291 2080 ‘¹
307 2061 389 2105 τοῦ
429 2054 648 2107 Σόλωνος
687 2052 869 2116 νόμους,
907 2050 1015 2104 τοὺς
1045 2051 1197 2102 πάλαι
1231 2049 1665 2112 δεδοκιμασμένους,
1683 2066 1762 2109 745

151 2139 228 2193 οὓς
260 2143 302 2190 οἱ
328 2139 551 2205 πρόγονοι
590 2139 761 2198 ἔθεντο,
788 2136 987 2187 λύουσιν
1013 2136 1156 2197 αὐτοὶ,
1183 2140 1278 2187 τοῖς
1306 2135 1343 2184 δ’
1372 2135 1560 2194 ἑαυτῶν,
1589 2132 1667 2186 οὓς

152 2228 225 2274 ἐπ’
272 2224 428 2291 ἀδικίᾳ
464 2225 544 2285 τῆς
597 2221 782 2274 πόλεως
827 2219 1022 2280 τιθέασι,
1071 2221 1280 2285 χρῆσθαι
1333 2219 1450 2280 ὑμᾶς
1495 2216 1667 2267 οἴονται

60 2320 135 2371 163
153 2312 258 2359 δεῖν.
299 2312 336 2358 εἰ
364 2309 444 2359 οὖν
470 2306 534 2371 μὴ
562 2304 914 2372 ετιμωρήσεσθε
946 2303 1151 2364 τούτους,
1179 2303 1260 2353 οὐκ
1294 2299 1352 2359 ἂν
1384 2299 1575 2369 ἶφθάνοι
1613 2299 1666 2350 τὸ

205 2505 213 2533 l
235 2505 435 2551 ἀπέρχεται]
460 2505 648 2548 ἀπάρχεται
666 2505 710 2538 Y.
733 2516 784 2549 pr.
802 2504 846 2538 O.
868 2510 902 2538 et
920 2504 954 2537 S.
976 2515 1055 2537 enm
1077 2503 1178 2548 signo
1198 2501 1436 2536 annotationis
1455 2501 1491 2534 in
1512 2499 1668 2545 margine

152 2561 336 2607 ponendae,
358 2571 436 2604 qnae
455 2559 550 2592 haud
566 2558 670 2592 dubie
689 2557 872 2602 ἀπέρχεται
893 2569 967 2591 esse
988 2557 1120 2590 debuit.
1220 2561 1250 2580 m
1267 2552 1558 2597 ἐπισπασθέντος]
1582 2553 1667 2585 ἀπο-

153 2613 370 2648 σπασθέντος
388 2625 415 2646 r.
527 2617 546 2635 ¹¹
567 2611 739 2657 τίθεσθαι]
762 2611 888 2643 τιθέναι
908 2609 1155 2645 A.F.Y.O.1·.V.
1240 2615 1258 2634 0
1279 2609 1400 2652 νόμους
1420 2619 1490 2641 om.
1511 2606 1665 2640 A.S.k.s.

154 2673 173 2700 P
193 2665 316 2711 πάλαι]
341 2667 497 2699 παλαιοῖς
516 2664 756 2699 A.Y.O.k.r.s.
869 2669 888 2696 q
908 2663 959 2709 ἐν]
985 2664 1038 2697 καὶ
1057 2663 1092 2696 ἐν
1113 2663 1148 2697 S.
1261 2668 1276 2686 Υ
1295 2663 1395 2704 νόμος
1414 2658 1539 2703 καινὸς]
1559 2657 1669 2692 καινὸς

155 2722 255 2763 νόμος
274 2732 302 2753 r.
440 2724 454 2742 S
476 2717 635 2763 ἐνεγκὼν]
659 2716 842 2761 ἀνενεγκὼν
863 2729 888 2750 S.
1018 2715 1031 2740 t
1051 2717 1141 2763 αὐτῷ
1160 2713 1243 2749 εῖναι
1258 2716 1317 2748 τὸν
1336 2714 1414 2754 βίον
1437 2713 1470 2746 S.
1501 2713 1590 2757 αὐτῷ
1609 2711 1669 2743 τὸν

153 2774 231 2814 βίον
251 2769 333 2806 εἶναι
353 2784 384 2805 v.
416 2768 499 2805 εῖναι
518 2771 608 2817 αὐτῷ
622 2771 681 2804 τὸν
698 2770 776 2810 βίον
790 2770 909 2815 vulgo.
983 2776 1001 2794 U
1018 2769 1173 2815 ἔχοντος]
1188 2770 1309 2812 ἔχοντα
1324 2766 1415 2800 Y.O.
1485 2770 1503 2789 Χ
1524 2763 1663 2810 θέσθαι]

155 2827 259 2860 θεῖναι
280 2838 310 2859 v.
422 2830 440 2857 Y
460 2824 577 2869 πλεῖν]
602 2822 707 2857 πλέον
729 2824 764 2856 S.
797 2823 926 2858 πλείοις
942 2822 1034 2857 Y.O.
1064 2823 1223 2856 πλείοσιν
1243 2822 1359 2866 vulgo.
1391 2817 1536 2853 Correxi
1556 2818 1667 2857 πλεῖν,

156 2880 198 2913 de
218 2891 288 2924 quo
308 2891 339 2913 v.
360 2878 403 2911 ad
424 2890 457 2923 p.
476 2887 564 2923 503,
590 2875 648 2911 18.
768 2883 782 2901 Ἄ
800 2875 893 2920 ἡμῖν]
914 2876 990 2919 ὑμῖν
1006 2877 1039 2910 k.
1164 2881 1182 2900 a
1202 2876 1331 2908 ἑαυτοῖς
1352 2874 1387 2906 S.
1417 2871 1530 2905 αὑτοῖς
1550 2870 1667 2915 vulgo.

155 2929 174 2957 b
195 2933 298 2966 ταύτὸ
320 2932 355 2965 S.
385 2932 424 2964 τὸ
445 2931 527 2964 αὐτὸ
546 2931 664 2976 vulgo.
811 2935 826 2953 C
846 2928 937 2962 τοῦτ’
959 2925 1057 2974 εἶναι]
1082 2925 1165 2962 εἶναι
1185 2930 1286 2971 τοῦτο
1306 2927 1419 2960 A.k.s.
1569 2919 1587 2947 (Ῑ
1608 2924 1669 2956 τοῦ

155 2998 224 3020 om.
248 2985 341 3021 Y.O,
455 2990 469 3009 e
489 2982 743 3029 τιμωρήσεσθε]
766 2981 1005 3027 τιμωρήσησθε
1027 2982 1098 3016 F.v.
1211 2978 1226 3005 f
1244 2979 1387 3025 φθάνοι]
1413 2978 1524 3023 φθάνη
1546 2989 1576 3010 v.

856 3060 883 3086 Q
904 3060 927 3097 q
955 3056 975 3083 2
