1954 3273
77 199 232 244 —779‚
256 210 282 233 1.
591 197 733 233 ΚΑΤΑ
767 195 1237 233 ΑΡΙΣΤΟΓΕΙΤΟΝΟΣ
1271 196 1318 231 Α.
1635 193 1717 231 813

202 307 326 370 ἡμῖν.
371 307 447 357 διὰ
477 308 526 358 τί
545 328 557 368 ;
602 306 672 357 ὅτι
710 305 916 372 ἐλάχετε,
942 303 1022 355 εἶτ’
1051 305 1431 370 ἀπεκληρώθητε·
1473 310 1620 354 ταῦτα
1646 304 1747 355 οδὲ5

203 394 244 440 οἱ
272 390 404 454 νόμοι
430 390 671 455 λέγουσιν.
715 388 794 440 εἶθ’
825 390 952 452 ὑμεῖς
977 389 1107 438 αὐτοὶ
1134 387 1253 438 κατὰ
1278 386 1385 441 τοὺς
1419 386 1586 450 νόμους
1613 392 1715 438 εἱσ-

202 472 485 537 εληλυθότες
523 472 606 523 τὸν
640 471 771 537 παρὰ
806 471 912 524 τοὺς
954 470 1122 534 νόμους
1163 470 1318 535 λε’γειν
1354 468 1383 533 ἢ
1422 469 1643 536 πράττειν
1675 493 1720 519 τι

201 555 477 656 βιαζόμενον
498 554 726 615 λαβόντες
746 553 989 623 ἀφήσετε·
979 595 990 613 ,
1033 555 1108 603 καὶ
1129 554 1273 606 οὐδεὶς
1296 555 1424 615 ὑμῶν
1446 552 1598 620 χολὴν
1618 552 1720 603 οὐδὲ

202 637 349 704 ὀργὴν
392 639 512 747 ἐχωᾱν
550 638 813 706 φανήσεται
854 639 928 705 ἐφ’
970 635 1035 689 οἷς
1078 637 1103 686 ὁ
1143 635 1375 702 βδελυρος
1417 659 1491 686 και
1534 635 1721 699 ἀναιδὴς

134 741 187 782 33
203 720 496 832 ἄνθρωπος(1
504 722 666 772 οὑτοσὶ
692 719 897 786 βιάζεται
923 718 1030 773 τοὺς
1057 719 1259 783 νόμους·
1248 761 1260 782 ,
1306 718 1369 780 ὃς,
1397 717 1433 769 ὦ
1459 720 1720 785 μιαρώτατε
1741 741 1776 761 ¹0

203 805 426 856 επάντων
467 809 561 854 τῶν
601 803 749 854 ὄντων
789 802 1063 869 ἀνθρώπων,
1103 800 1425 865 ἷκεκλειμενης
1468 809 1595 851 gom)
1640 804 1722 864 τῆς

204 888 461 957 ῂέξουσίας
499 889 552 939 οὐ
592 888 833 953 κιγκλίσιν
868 886 972 937 οὐδὲ
1013 887 1187 953 θύραις,
1227 885 1257 936 ἂ
1290 888 1366 936 καὶ
1401 885 1723 953 παρανοίξειεν

205 974 263 1023 ἄν
304 996 385 1035 τις,
426 972 556 1023 ἀλλὰ
598 972 842 1025 τοσούτοις
882 973 957 1022 καὶ
1002 970 1294 1035 τηλικούτοις
1335 969 1603 1036 ὀφλήμασι,
1649 972 1725 1020 καὶ

205 1056 383 1108 τούτων
409 1056 538 1123 παρὰ
565 1061 621 1122 τῇ
648 1056 763 1124 ἰθεῷ
785 1055 1015 1120 κειμένων,
1036 1054 1128 1109 Βεῖς
1148 1054 1202 1105 τὸ
1223 1054 1349 1108 ἐντὸς
1370 1053 1564 1105 1τούτων
1584 1053 1723 1114 ῃἸβιοί-
1743 1070 1777 1098 ¹5

207 1141 268 1207 ζει
302 1143 379 1191 καὶ
412 1140 666 1207 προσέρχει
704 1139 822 1205 πρὸς
861 1141 1004 1202 ταῦτ’,
1031 1141 1112 1208 ἀφ’
1142 1138 1206 1189 ῶν
1238 1139 1563 1189 ἀπελαύνουσί
1592 1161 1649 1188 σε
1684 1142 1724 1188 οἱ

139 1244 195 1285 34
210 1225 356 1288 νόμοι·
401 1223 823 1292 ἀπεσχοινισμένος
861 1228 982 1274 πᾶσι
1022 1228 1117 1277 τοῖς
1158 1225 1206 1273 ἐν
1244 1226 1302 1290 τῇ
1341 1220 1478 1272 πόλει
1524 1222 1726 1281 δικαίοις,

208 1308 420 1373 γνώσεσι
447 1308 789 1373 Ι’δικαστηρίων
815 1310 969 1372 τριῶν,
991 1307 1235 1373 Οἐγγραφῇ
1263 1308 1575 1367 θεσμοθετῶν,
1596 1304 1729 1371 ἑτέρᾳ

207 1392 502 1458 πρακτόρων,
527 1395 585 1459 τῇ
624 1394 705 1454 τῆς
741 1389 1080 1451 Ρβουλεύσεως,
1107 1388 1165 1451 ἣν
1191 1387 1329 1441 αὐτὸς
1357 1388 1546 1448 διώκεις,
1573 1394 1724 1452 Ἷγρα-

211 1479 297 1543 φῇ,
334 1473 509 1539 Γμόνον
547 1476 634 1541 οὐχ
677 1473 877 1524 5ιῖιλύσει
920 1475 1108 1541 σιδηρᾷ,
1153 1471 1371 1523 ῒὺποδύει
1413 1470 1542 1537 παρὰ
1581 1476 1728 1522 ταῦτα
1742 1495 1781 1515 20

211 1563 288 1610 καὶ
351 1561 571 1628 διασπᾷς,
623 1560 698 1608 καὶ
759 1556 1026 1626 προφάσεις
1082 1555 1345 1607 “πλάττων
1406 1557 1480 1606 καὶ
1542 1559 1730 1623 ψευδεῖς

144 1652 198 1696 35
213 1644 360 1696 αἰτίας
404 1644 636 1696 συντιθεὶς
686 1641 745 1692 τὰ
789 1641 919 1692 κοινὰ
960 1641 1121 1692 Χδίκαί
1168 1640 1450 1707 ἀνατρέψειν
1494 1639 1591 1692 οἴει.
1654 1641 1731 1689 καὶ

211 1727 306 1791 μὴν
349 1727 471 1792 μέγα
521 1729 596 1776 καὶ
641 1716 796 1793 σαφὲς
841 1727 947 1789 ὑμῖν
992 1727 1080 1790 ε’ρῶ
1132 1723 1442 1790 παράδειγμα,
1485 1724 1556 1774 ὅτι
1598 1728 1729 1774 ταῦτ’

213 1810 318 1862 οὐδὲ
362 1815 466 1861 καθ’
507 1809 556 1860 ἓν
593 1809 823 1876 προσήκει
866 1813 1091 1876 παριδεῖν.
1135 1813 1172 1859 εἰ
1215 1808 1309 1873 γάρ
1353 1831 1421 1861 τις
1466 1808 1630 1858 αὐτίκα
1675 1808 1730 1871 δὴ
1744 1833 1783 1864 ²5

214 1893 348 1958 μάλα
374 1894 492 1945 εἴποι
519 1897 580 1947 ὡς
619 1896 666 1944 ἐκ
705 1898 798 1944 τῶν
835 1893 1076 1943 νεωτάτων
1112 1891 1140 1956 ἢ
1178 1896 1271 1941 τῶν
1304 1891 1732 1955 πλουσιωτάτωνῆ

215 1983 309 2030 τῶν
335 1976 794 2044 λελειτουργηκότων
820 1977 849 2042 ὴ
875 1982 969 2028 τῶν
994 1976 1214 2027 τοιούτων
1240 1974 1388 2028 Υτινος
1412 1979 1579 2041 μερῶν,
1606 1977 1729 2043 ἀφο-

216 2063 374 2128 ρίσας,
406 2061 513 2115 τοὺς
547 2061 775 2126 λέγοντας
816 2058 930 2111 εἶναι
969 2064 1049 2122 δεῖ,
1080 2059 1389 2110 ἀποκτείναιτ’
1419 2058 1476 2108 ἂν
1510 2058 1651 2108 αὐτὸν
1687 2059 1736 2108 εὖ

219 2142 301 2194 οἷδ’
356 2144 440 2206 ὅτι,
492 2146 554 2197 ὡς
605 2143 901 2194 καταλύοντα
961 2140 1043 2193 τὸν
1089 2145 1253 2205 δῆμον.
1320 2144 1395 2191 καὶ
1444 2142 1630 2195 δικαίως
1679 2139 1737 2191 ἂν

151 2237 206 2290 36
219 2232 356 2278 τοῦτο
396 2226 659 2290 ποιήσαιτε.
704 2228 780 2276 καὶ
817 2225 910 2289 μὴν
949 2225 973 2275 ὅ
1013 2248 1058 2276 τι
1099 2225 1337 2286 βούλεσθε
1376 2223 1553 2275 τούτων
1597 2223 1737 2288 ἧττόν
1752 2245 1832 2288 779

275 2380 291 2400 ⁰
311 2374 365 2420 δέ]
387 2375 454 2420 γὰρ
473 2375 634 2410 A.F.k.V.
798 2370 817 2398 d
837 2373 959 2407 οὑτοσὶ
979 2373 1015 2406 in
1034 2386 1088 2418 γρ.
1107 2372 1143 2406 S.
1269 2376 1285 2395 e
1300 2370 1451 2416 πάντων]
1476 2370 1633 2404 ἁπάντων
1652 2371 1736 2404 A.k.

222 2439 237 2467 f
255 2443 481 2488 κεκλειμένης]
505 2444 699 2486 κεκλιμένης
719 2455 772 2488 pr.
797 2443 831 2476 S.
861 2431 1071 2485 κεκλειῖιένης
1091 2454 1122 2476 V.
1155 2443 1392 2484 κεκλεισμένης
1411 2440 1536 2474 A.F.k.
1639 2445 1659 2472 g
1674 2453 1739 2472 σου

224 2495 433 2530 F.S.Y.O.v.
465 2496 664 2541 Legebatur
684 2510 752 2529 σοι.
912 2492 933 2519 h
953 2495 1111 2539 ἐξουσίας
1133 2493 1264 2528 S.Y.O.
1315 2494 1514 2539 Legebatur
1533 2492 1736 2538 παρρησίας.

225 2546 234 2574 i
255 2549 336 2597 θεῷ]
361 2549 421 2582 θεᾶ
439 2561 471 2584 V.
574 2546 593 2572 k
615 2549 662 2584 εἷς
680 2550 723 2583 Α.
748 2548 971 2582 scribebatur
990 2547 1034 2582 ἐς.
1065 2548 1265 2589 εἷς-βιάζῃ
1287 2547 1323 2580 in
1343 2561 1397 2592 γρ.
1421 2547 1456 2580 S.
1557 2543 1567 2570 Ῑ
1588 2544 1733 2590 τούτων]

222 2602 333 2650 τούτῳ
354 2602 389 2636 S.
460 2609 491 2627 m
510 2601 877 2647 βιάζει-προσέρχει]
905 2601 1128 2634 scribebatur
1145 2601 1245 2643 βιάζῃ
1266 2601 1318 2634 καὶ
1338 2601 1530 2645 προσέρχῃ.
1607 2604 1626 2622 ¹¹
1647 2598 1738 2631 δικα-

224 2657 373 2702 στηρίων
401 2655 520 2701 τριῶν]
548 2657 650 2700 τριῶν
676 2655 902 2699 δικαστηρίων
921 2655 1086 2689 A.F.k.V.
1242 2659 1260 2678 0
1286 2652 1462 2698 ἐγγραφῇ]
1497 2653 1531 2685 ἐν
1562 2652 1677 2696 γραφῇ
1707 2663 1739 2684 V.

227 2715 245 2742 P
264 2708 498 2754 βουλεύσεως]
520 2707 721 2751 βουλήσεως
741 2708 816 2742 ΡΝ.
951 2713 971 2740 q
989 2707 1125 2753 γραφῇ]
1150 2707 1287 2752 γραφὴν
1309 2707 1384 2740 FN.
1512 2710 1527 2728 Υ
1545 2703 1664 2748 μόνον]
1689 2705 1742 2737 καὶ

224 2764 329 2805 μόνον
347 2764 382 2796 k.
527 2767 541 2786 S
561 2760 683 2795 ἁλύσει
700 2760 838 2806 σιδηρᾷ]
862 2759 1010 2794 ἁλύσεσι
1030 2761 1183 2805 σιδηραῖς
1203 2761 1283 2794 A.k.
1332 2759 1438 2797 Quod
1456 2758 1562 2803 vulgo
1584 2757 1742 2790 additum

225 2815 411 2858 δεδεμένος,
431 2827 502 2849 om.
526 2815 562 2850 S.
673 2817 686 2840 t
707 2813 845 2848 ὑποδύει
863 2813 953 2858 παρὰ
972 2816 1077 2848 ταῦτα
1098 2813 1141 2847 Ο.
1168 2814 1259 2858 παρὰ
1277 2815 1382 2846 ταῦτα
1398 2810 1526 2854 ὑποδύῃ
1547 2822 1580 2844 v.
1613 2807 1741 2852 ὑποδὺῃ

225 2869 318 2913 παρὰ
336 2871 441 2902 ταῦτα
460 2869 579 2914 vulgo.
735 2874 753 2893 u
782 2867 960 2913 πλάττων]
993 2867 1151 2911 πράττων
1171 2866 1254 2901 O.k.
1407 2870 1425 2888 Χ
1456 2863 1551 2897 δίκαι’
1576 2874 1646 2897 om.
1666 2862 1741 2896 FN.

226 2927 246 2954 Y
265 2921 370 2967 τινὸς]
395 2935 428 2955 τι
447 2922 572 2956 A.F.k.
