1954 3273
44 196 204 239 —709‚
224 203 256 227 1.
639 191 780 229 ΚΑΤΑ
812 190 1217 228 ΤιΜοΚΡΑΤοΎΣ.
1605 187 1688 229 739

171 299 439 363 ἐπωνύμων,
480 302 533 352 ἵν’
573 303 598 351 ὁ
638 301 928 362 βουλόμενος
973 299 1227 368 σκέψηται,
1272 299 1359 349 κᾶν
1404 298 1688 366 ἀσύμφορον

328 383 348 410 k
1450 381 1459 408 1
1497 384 1506 398 2

172 385 278 447 ὑμῖν
359 385 522 452 κατίδῃ
579 408 637 447 τι,
690 384 858 452 φράσῃ
916 386 991 434 καὶ
1043 383 1161 434 κατὰ
1212 381 1401 450 σχολὴν
1481 383 1718 449 αντείπῃ.5

107 489 158 531 29
171 467 348 518 τούτων
373 468 530 531 μέντοι
556 467 798 518 τοσούτων
826 466 974 517 ὄντων
1001 466 1131 517 οὐδὲν
1151 467 1372 529 πεποίηκε
1391 464 1689 531 Τιμοκράτης

170 552 387 601 1ηοὑτοσί·
429 553 532 602 οὕτε
557 551 651 617 γὰρ
689 550 874 619 ἐξέθηκε
913 550 996 600 τὸν
1031 548 1187 612 νόμον,
1216 551 1307 600 οὔτ’
1338 549 1520 611 ἔδωκεν,
1549 549 1591 599 ε’ί
1619 572 1689 602 τις

171 633 394 692 ἐβούλετο
433 634 689 699 ῃἀναγνοὺς
728 636 971 694 ἀντειπεῖν,
1000 634 1097 683 οὔτ’
1126 633 1359 695 ἀνέμεινεν
1397 631 1560 682 οὐδένα
1598 636 1693 682 τῶν

171 717 464 783 τεταγμένων
491 718 701 802 Οχρόνων
736 720 784 768 ἐν
814 723 908 770 τοῖς
949 717 1119 780 νόμοις,
1148 716 1278 767 ἀλλὰ
1303 740 1384 780 της
1424 717 1693 780 εκκλησιας,
1712 739 1749 759 10

172 802 219 851 ἐν
250 799 278 867 ῂ
313 800 419 853 τοὺς
459 800 626 863 νόμους
665 799 1120 868 ἐπεχειροτονήσατε,
1148 801 1294 865 οὔσης
1325 799 1574 867 Ρὲνδεκάτῃ
1611 805 1695 850 τοῦ

174 887 549 947 ἑκατομβαιωνος
576 909 735 949 μηνος,
763 885 998 952 δωδεκάτῃ
1024 908 1107 936 τον
1134 884 1278 948 νόμον
1305 907 1587 949 εισηνεγκεν,
1616 884 1689 933 εὐ-

106 988 162 1029 30
175 967 257 1021 θῦς
295 973 353 1035 τῇ
394 969 631 1037 ὑστεραίᾳ,
659 973 735 1020 καὶ
770 971 897 1020 ταῦτ’
927 969 1076 1019 ὄντων
1105 969 1320 1034 Κρονίων
1347 970 1421 1018 καὶ
1454 966 1529 1018 διὰ
1564 972 1694 1018 ταῦτ’

175 1052 454 1119 (Ῑάφειμένης
493 1056 575 1117 τῆς
616 1056 833 1116 Γβουλῆς,
874 1050 1251 1120 διαπραξάμενος
1296 1050 1414 1113 μετὰ
1451 1054 1546 1101 τῶν
1590 1053 1697 1115 ὑμῖν

175 1136 580 1197 ἐπιβουλευόντων
629 1136 902 1202 καθίζεσθαι
954 1136 1208 1200 νομοθέτας
1253 1135 1328 1186 διὰ
1378 1136 1696 1204 ψηφίσματος
1713 1155 1748 1186 15

176 1221 250 1270 ἐπὶ
291 1224 350 1287 τῇ
392 1225 486 1270 τῶν
519 1221 891 1284 8Παναθηναίων
930 1218 1189 1286 προφάσει.
1231 1220 1470 1283 βούλομαι
1513 1220 1550 1269 δ’
1592 1220 1699 1281 ὑμῖν

175 1302 250 1354 ἴτὸ
289 1303 507 1371 ψήφισμ’
549 1304 662 1354 αὐτὸ
703 1305 969 1369 ἀναγνῶναι
1008 1303 1062 1354 τὸ
1098 1306 1309 1367 νικῆσαν,
1344 1304 1399 1354 ἵν’
1435 1306 1599 1367 Πεῖδῆθ
1629 1302 1700 1353 ὅτι

175 1385 332 1437 πάντα
367 1386 714 1455 συνταξάμενοι
749 1389 855 1437 Χκαὶ
893 1385 1024 1437 οὐδὲν
1060 1387 1154 1438 ἀπὸ
1191 1386 1487 1450 ταυτομάτου
1523 1386 1701 1437 τούτων

176 1478 194 1506 y
209 1470 455 1536 ἔπραττον.
517 1469 666 1530 Ζλαβὲ
705 1469 759 1520 τὸ
804 1469 1022 1538 ψήφισμ’
1072 1471 1229 1524 αὐτοῖς
1274 1472 1383 1522 ξικαὶ
1428 1472 1692 1536 ἀναγίγνω-
1714 1495 1754 1517 20

179 1576 267 1604 σκε
293 1555 372 1605 σύ.

784 1626 1101 1672 bWHspIEMA.

291 1713 301 1728 5
372 1714 383 1729 X
438 1716 454 1724 fl
695 1714 706 1727 Ι
871 1714 880 1727 Ι
995 1715 1005 1728 Q
1116 1713 1125 1729 Ι
1224 1716 1264 1739 ΒἸ
1473 1716 1484 1730 Ι
1592 1714 1602 1729 5

110 1728 160 1769 31
307 1717 385 1753 Επι
411 1730 477 1763 της
511 1715 771 1755 Πανδιονίδος
800 1730 964 1764 πρωτης,
990 1717 1174 1768 ενδεκατῃ
1198 1730 1260 1764 της
1294 1731 1540 1765 πρυτανειας,
1563 1723 1579 1742 c
1605 1719 1701 1756 Επι-

236 1782 377 1834 κράτης
418 1781 539 1829 εἶπεν,
577 1782 681 1823 ὅπως
716 1781 764 1821 ἂν
800 1784 847 1821 τὰ
880 1783 963 1833 ἱερὰ
999 1782 1135 1832 θύηται
1175 1781 1273 1821 ἀκαὶ
1307 1783 1329 1832 ἡ
1363 1784 1549 1834 διοίκησις
1590 1783 1700 1834 ἱκανὴ

235 1850 396 1903 γένηται
431 1850 492 1890 καὶ
525 1851 560 1890 εἴ
588 1866 692 1892 τινος
726 1851 864 1890 Θένδεῖ
894 1849 985 1901 πρὸς
1021 1852 1068 1890 τῖι
1097 1849 1357 1900 Παναθήναια
1393 1853 1579 1901 διοικηθῇ,
1613 1851 1701 1893 τοὺς
1717 1869 1754 1900 25

237 1918 443 1970 πρυτάνεις
464 1917 577 1959 [τοὺς
608 1920 674 1967 τῆς
702 1919 963 1959 Πανδιονίδος
984 1917 1174 1957 ἕκαθίσαι
1206 1916 1420 1967 νομοθέτας
1442 1919 1589 1969 αὔριον,
1612 1917 1702 1960 τοὺς

237 1986 281 2025 δὲ
304 1984 518 2035 νομοθέτας
550 1984 650 2024 εἶναι
677 1984 748 2024 ἕνα
780 1984 842 2024 καὶ
861 1985 1014 2037 χιλίους
1045 1985 1088 2024 ἐκ
1116 1987 1192 2024 τῶν
1213 1984 1485 2034 ὀμωμοκότων,
1507 2001 1701 2036 συννομο-

238 2056 368 2092 θετεῖν
391 2053 433 2092 δὲ
456 2052 517 2092 καὶ
538 2052 608 2101 τὴν
627 2051 793 2102 βουλήν.

115 2161 170 2202 32
256 2140 627 2205 “Ἐνεθυμήθητ’
658 2142 1130 2206 ἀναγιγνωσκομένου
1168 2147 1251 2191 τοῦ
1284 2142 1603 2209 ψηφίσματος
1642 2144 1704 2195 ὡς

184 2230 404 2292 τεχνικῶς
442 2226 467 2275 ὁ
504 2224 705 2293 γράφων
732 2224 844 2275 αὐτὸ
872 2224 957 2289 τὴν
983 2227 1215 2289 διοίκησιν
1241 2229 1316 2276 καὶ
1341 2225 1395 2276 τὸ
1421 2229 1504 2289 τῆς
1544 2228 1705 2293 ἑορτῆς
1722 2247 1801 2288 709

239 2393 255 2416 k
278 2392 394 2437 κατίδῃ
410 2393 459 2439 τι]
482 2409 515 2428 τι
535 2395 650 2437 κατίδῃ
671 2396 714 2429 Α.
738 2394 812 2440 (qui
833 2407 884 2440 pr.
906 2396 1052 2439 κατειδηι
1072 2395 1209 2440 habuit)
1231 2395 1296 2429 k.S.
1435 2392 1446 2419 Ῑ
1466 2394 1624 2440 ἀντείπῃ]
1649 2395 1706 2429 ἇν-

184 2445 295 2481 τείποι
316 2459 344 2481 S.
376 2447 527 2490 ἀντεπίηι
549 2447 614 2481 S.1¹.
644 2446 781 2490 ἀντείπῃ
802 2448 839 2481 in
858 2463 914 2493 γρ.
936 2449 1042 2482 habet
1064 2449 1099 2482 S.
1231 2463 1236 2474 ι
1272 2453 1302 2472 m
1324 2447 1461 2493 οὑτοσί]
1487 2448 1627 2482 οὑτοσίν
1646 2461 1705 2482 r.s.

187 2505 208 2524 Π
226 2499 391 2545 ἀναγνοὺς
410 2512 479 2534 om.
501 2500 538 2534 k.
636 2505 655 2524 0
675 2500 823 2545 χρόνων]
841 2503 966 2546 χρόνον
986 2501 1030 2536 O.
1061 2513 1130 2535 om.
1151 2501 1264 2535 A.k.s.
1367 2506 1387 2534 P
1407 2501 1581 2546 ἑνδεκάτῃ]
1606 2501 1705 2534 Wol-

185 2568 266 2602 fius.
300 2568 499 2613 Legebattu'
519 2568 703 2610 ἑνδεκάτης.
848 2574 867 2600 q
886 2568 1085 2614 ἀφειμένης]
1112 2563 1295 2614 ἀφείμένης
1316 2571 1352 2605 S.
1381 2570 1610 2615 ἀφειλαμένης
1629 2572 1705 2606 A.S.

188 2627 204 2647 ¹·
221 2621 368 2666 βουλῆς]
393 2622 502 2663 τιμῆς,
524 2620 760 2666 superscripto
779 2622 880 2661 βουλ,
903 2622 944 2655 Α.
1113 2627 1127 2647 S
1146 2622 1404 2669 Παναθηναίων]
1429 2622 1595 2666 ἀθηναίων
1615 2623 1706 2658 Y.O.

187 2671 203 2698 t
221 2674 261 2707 τὸ
281 2674 453 2718 ψήφισμα
472 2672 570 2717 αὐτὸ]
593 2673 675 2707 αὐτὸ
694 2674 733 2706 τὸ
753 2673 925 2718 ψήφισμα
943 2675 1059 2709 A.k.S.
1162 2681 1183 2700 Π
1202 2675 1322 2721 εἰδῆθ’]
1346 2675 1431 2719 ἴδηθ’
1455 2676 1491 2711 S.
1594 2682 1613 2700 Χ
1633 2676 1702 2722 καὶ]

190 2725 333 2760 Falsum
353 2732 405 2760 est
425 2727 520 2771 quod
540 2726 592 2759 καὶ
611 2738 632 2759 a
648 2726 689 2760 B.
710 2727 830 2760 abesse
850 2733 996 2761 annotat
1017 2727 1193 2763 Reiskius.
1225 2730 1307 2763 Non
1327 2730 1405 2769 hoc,
1427 2730 1488 2762 sed
1506 2729 1708 2774 proximum

191 2779 279 2812 illud
299 2780 352 2813 καὶ
370 2785 451 2813 ante
471 2777 701 2824 ἀναγίγνωσκε
723 2792 792 2814 om.
815 2780 856 2813 Β.
981 2785 999 2812 y
1019 2781 1203 2826 ἔπραττον]
1226 2783 1393 2827 ἔπραττον
1415 2781 1508 2814 οὗτοι
1527 2782 1705 2816 A.k.r.S.v.

192 2838 209 2857 Ζ
228 2831 333 2877 λαβὲ]
356 2834 444 2873 λαβέ
462 2846 519 2875 μοι
539 2831 633 2866 Y.O.
767 2838 787 2857 a
806 2833 859 2866 καὶ
877 2844 946 2866 om.
968 2833 1116 2867 F.S.r.v.
1171 2858 1174 2860 >
1246 2831 1265 2859 b
1286 2833 1510 2879 ΨΗΦΙΣΜΑ]
1534 2834 1708 2879 ψήφισμα

191 2886 414 2930 τιμοκράτους
432 2897 500 2919 rec.
525 2885 562 2920 S.
687 2890 704 2909 0
723 2884 941 2930 Ἐπικράτης]
963 2887 1186 2931 τιμοκράτους·
1205 2887 1353 2921 F.S.r.v.
1482 2883 1500 2911 d
1521 2887 1573 2920 καὶ
1593 2886 1629 2932 ἡ]
1654 2887 1708 2920 καὶ

191 2939 263 2972 πῶς
282 2937 300 2981 ἡ
322 2938 389 2973 S.r.
501 2943 517 2962 e
537 2937 640 2983 ἐνδεῖ]
663 2939 812 2982 προσδεῖ
829 2938 940 2972 A.k.s.
1066 2936 1081 2964 f
1096 2940 1176 2974 τοὺς
1195 2952 1264 2974 om.
1285 2940 1398 2974 A.k.s.
1510 2944 1531 2972 g
1549 2939 1704 2985 καθίσαι]

193 2990 337 3033 καθῆσαι
356 2991 430 3025 A.s.
542 2988 562 3017 h
582 2989 821 3034 Ἐνεθυμὴθητ’
841 2991 1001 3026 ἶνοΙίὶυε.
1033 2991 1232 3038 Legebatlu·
1249 2991 1486 3036 Ἐνθυμήθητ’.
