1954 3273
207 146 290 187 788
751 149 1178 188 ΔΗΜΟΣΘΕΝΟΎΣ
1264 148 1346 187 οη.
1372 147 1552 188 XXIV.
1574 141 1620 203 p.'
1633 159 1653 199 7
1660 158 1728 202 54,
1746 159 1844 183 28—

207 258 471 322 ἠδικηκότα,
495 258 601 310 τότε
635 258 1014 325 τιμωρήσασθαι.
1059 259 1224 309 οὔκουν
1250 262 1320 309 δεῖ
1342 261 1492 310 δοκεῖν
1517 265 1600 310 νῦν
1625 282 1717 323 μα-

208 342 520 395 λακισθέντας
558 340 663 392 τότε
701 346 795 392 τῶν
829 342 1182 405 ὀμωμοσμένων
1208 342 1360 408 ὅρκων
1389 342 1722 405 ἀμελήσαντας

209 425 316 487 ὑμῖν
356 425 511 477 αὐτοῖς
552 425 847 491 χαρίσασθαι
891 424 1022 490 παρὰ
1062 422 1116 475 τὸ
1158 426 1347 485 δίκαιον,
1394 424 1525 475 ἀλλὰ
1568 430 1724 488 μισεῖν
1737 447 1816 489 755

210 508 284 556 καὶ
325 508 430 569 μηδ’
471 507 722 572 ἀνέχεσθαι
773 505 936 573 φωνὴν
981 513 995 533 ³
1012 506 1127 570 μήτε
1177 506 1344 557 τούτου
1394 506 1498 569 μήτ’
1539 507 1724 569 ἐκείνου,

210 588 224 613 t
236 593 426 638 τοιαῦτα
450 589 871 652 πεπολιτευμένων.

117 699 194 729 201
283 669 446 720 Ἀλλὰ
480 669 535 734 νὴ
561 672 657 722 Δία
689 677 837 722 ταῦτα
868 671 1013 734 μόνον
1048 677 1247 722 τοιοῦτοι
1287 671 1543 737 γεγόνασιν
1577 673 1625 721 ἐν
1659 670 1726 724 οῖς

1122 753 1139 771 ὁ

211 754 583 816 πεπολίτευνται,
634 755 766 806 ἄλλα
828 757 869 804 δ’
924 763 942 782 ¹¹
961 755 1061 805 ἔσθ’
1115 778 1146 805 α
1200 759 1358 808 καλῶς
1420 753 1721 823 διῳκήκασιν.

213 835 345 886 ἀλλὰ
381 839 456 886 καὶ
494 836 655 887 τᾶλλα
693 840 814 888 οὕτω
852 837 1250 903 προσεληλύθασι
1287 838 1405 903 πρὸς
1442 839 1572 901 ὑμᾶς,
1607 836 1723 888 ὥσθ’
1739 856 1756 888 5

213 920 386 983 ἥκιστα
420 922 468 970 ἐν
493 920 560 973 οῖς
592 919 818 985 ἀκηκόατε
845 920 978 989 ἄξιόν
1013 922 1117 971 ἐστι
1150 926 1306 984 μισεῖν
1333 921 1513 975 αὐτούς.
1555 922 1604 970 τί
1634 919 1728 985 γὰρ

213 1002 451 1064 βούλεσθε
490 1003 636 1065 εἵπω;
676 1003 735 1054 τὰ
779 1009 987 1067 πομπεῖα
1033 1006 1096 1057 ὡς
1134 1003 1492 1066 ἐπεσκευάκασι,
1532 1006 1606 1054 καὶ
1644 1002 1730 1066 τὴν

213 1091 306 1137 τῶν
332 1086 585 1154 στεφάνων
611 1088 897 1153 καθαίρεσιν,
925 1086 953 1151 ἢ
980 1087 1066 1151 τὴν
1091 1092 1186 1138 τῶν
1211 1092 1400 1156 φιαλῶν
1425 1088 1618 1151 ποίησιν
1643 1086 1729 1150 τὴν

121 1195 200 1224 202
214 1168 400 1233 καλήν;
444 1171 553 1219 ἀλλ’
582 1171 656 1221 ἐπὶ
684 1169 864 1222 τούτοις
898 1192 967 1235 γε,
993 1174 1059 1220 Χεἰ
1092 1169 1238 1234 μηδὲν
1263 1170 1389 1220 ἄλλο
1422 1170 1608 1234 ἠδίκουν
1643 1168 1728 1233 τὴν
1745 1192 1783 1214 ιο

213 1251 370 1315 πόλιν,
396 1255 510 1319 τρὶς,
538 1254 625 1319 οὐχ
660 1251 794 1321 ἅπαξ
816 1251 1067 1303 Υτεθνάναι
1103 1254 1288 1307 δικαίως
1322 1253 1380 1303 ἄν
1411 1276 1490 1315 μοι
1519 1257 1726 1304 δοκοῦσι·

215 1338 290 1386 καὶ
341 1335 435 1402 γὰρ
485 1337 728 1404 ἱεροσυλία
774 1339 848 1386 καὶ
899 1338 1098 1405 ἀσεβείᾳ
1147 1338 1224 1387 καὶ
1274 1340 1432 1404 κλοπῇ
1490 1338 1565 1386 καὶ
1611 1340 1734 1387 πᾶσι

215 1424 311 1473 τοῖς
346 1420 624 1473 δεινοτάτοις
660 1424 779 1470 εἰσὶν
805 1420 970 1486 ἔνοχοι.
1014 1418 1074 1469 τὰ
1099 1418 1184 1482 μὲν
1210 1420 1291 1469 οὖν
1315 1418 1459 1470 πόλλ’
1488 1417 1552 1469 ὧν
1579 1418 1734 1483 λέγων

216 1503 511 1572 Ζἐφενάκιζεν
579 1505 696 1567 ὑμᾶς
759 1504 1044 1570 Ἀνδροτίων
1106 1503 1408 1571 παραλείψω,
1466 1501 1628 1570 φήσας
1693 1503 1731 1552 δ’

215 1589 437 1653 ἀπορρεῖν
461 1585 521 1637 τὰ
548 1586 717 1653 φύλλα
751 1591 845 1636 τῶν
871 1585 1124 1653 στεφάνων
1157 1588 1233 1636 καὶ
1258 1585 1472 1651 σαπροὺς
1509 1583 1624 1635 εἶναι
1658 1584 1733 1635 διὰ
1750 1601 1784 1632 ¹5

214 1669 298 1721 τὸν
334 1670 517 1737 χρόνον,
544 1669 707 1736 ὥσπερ
739 1670 822 1720 ’ίων
855 1669 883 1735 ἢ
921 1671 1072 1737 ῥόδων
1104 1670 1254 1731 ὄντας,
1281 1670 1392 1720 ἀλλ’
1426 1670 1479 1719 οὐ
1512 1669 1724 1735 χρυσίου,

215 1753 531 1820 συγχωνεύειν
569 1752 766 1804 ἔπεισεν.
812 1755 1006 1819 αἱρεθεὶς
1044 1756 1085 1803 δ’
1114 1754 1188 1804 ἐπὶ
1224 1758 1372 1803 ταῦτα
1410 1753 1729 1819 ειπροσείλετο

812 1833 830 1861 d
1464 1834 1479 1862 f

123 1860 202 1901 203
218 1836 237 1864 b
253 1842 418 1887 τοῦτον
449 1834 531 1886 τὸν
558 1847 577 1869 c
594 1834 784 1886 πάντων
846 1840 940 1886 τῶν
973 1839 1127 1886 κακῶν
1153 1842 1169 1861 ‘³
1186 1833 1420 1886 κοινωνόν.

1491 1832 1589 1903 κᾷτ’
1618 1843 1638 1872 g
1658 1836 1733 1885 ἐπὶ

217 1918 302 1982 μὲν
339 1923 439 1971 ταῖς
477 1922 722 1984 εἰσφοραῖς
759 1917 841 1968 τὸν
875 1918 1104 1982 δημόσιον
1141 1922 1355 1983 παρεῖναι
1391 1915 1734 1984 προσέγραψεν
1747 1943 1789 1964 20

639 2000 709 2027 hs*

218 2005 280 2055 ὡς
321 2001 377 2065 δὴ
421 2002 595 2054 δίκαιος
676 2024 752 2062 ων,
802 2000 893 2051 ἰῶν
933 2001 1131 2055 ἕκαστος
1176 2000 1488 2068 ἀντιγραφεὺς
1534 2000 1734 2062 ἔμελλεν

585 2084 604 2111 k

218 2087 414 2136 ε”σεσθαι
452 2090 546 2135 τῶν
621 2085 994 2151 εἰσενεγκόντων·
1035 2087 1109 2136 ἐπὶ
1147 2090 1243 2138 τοῖς
1274 2082 1530 2152 στεφάνοις
1568 2085 1623 2144 δ’,
1659 2083 1739 2137 οὓς

219 2170 515 2231 κατέκοπτεν,
555 2170 657 2236 οὐχὶ
702 2171 984 2234 προσήγαγε
1025 2168 1167 2219 ταὺτὸ
1209 2169 1385 2219 δίκαιον
1428 2173 1582 2227 τοῦτο,
1622 2169 1736 2217 ἀλλ’

221 2252 359 2306 αὐτὸς
408 2252 577 2319 ῥήτωρ,
623 2251 901 2319 χρυσοχόος,
946 2253 1126 2314 ταμίας,
1175 2250 1487 2317 ἀντιγραφεὺς
1531 2251 1736 2316 γέγονεν.

127 2338 322 2394 204Ῑκαὶ
361 2335 453 2399 μὴν
487 2340 523 2386 εἱ
562 2335 646 2398 μὲν
685 2335 852 2386 ἅπαντ’
892 2335 1062 2403 ἠξίους,
1100 2334 1194 2386 ὅσα
1227 2333 1446 2400 πράττεις
1485 2338 1543 2400 τῇ
1584 2333 1736 2396 πόλει,
1750 2360 1786 2392 ²5

277 2476 291 2496 ³
310 2470 393 2515 μήτε
412 2469 536 2504 τούτου
556 2470 631 2514 μήτ’
652 2470 795 2515 ἐκείνου]
821 2469 904 2513 μήτε
923 2469 1051 2503 τούτων
1071 2467 1144 2512 μήτ’
1167 2466 1298 2502 ἐκείνων
1312 2468 1386 2501 F.v.
1420 2466 1495 2511 μήτ’
1510 2468 1636 2501 ἐκείνου
1655 2467 1738 2511 μήτε

222 2523 345 2558 τούτου
365 2523 571 2558 A.Y.O.k.1·.
683 2521 697 2547 ἴ
717 2522 871 2568 τοιαῦτα]
896 2526 963 2556 τῶν
982 2525 1120 2556 τοιαῦτα
1142 2522 1180 2555 F.
1293 2527 1312 2546 U
1333 2521 1408 2555 ἔσθ’
1432 2521 1466 2555 S.
1502 2521 1599 2554 ἐστὶν
1617 2521 1736 2565 vulgo.

223 2582 242 2601 Χ
263 2576 308 2623 εἷ]
334 2577 362 2610 εἷ
381 2578 434 2610 καὶ
453 2589 476 2622 p
505 2574 595 2623 615,
618 2584 654 2622 5.
676 2576 735 2609 ubi
756 2577 807 2609 καὶ
828 2588 898 2610 om.
921 2576 1002 2609 A.k.
1129 2581 1138 2603 ἒ
1165 2574 1320 2607 τεθνάναι
1340 2580 1421 2619 post
1440 2588 1496 2616 μοι
1517 2573 1738 2608 A.F.Y.O.k.

225 2642 286 2664 s.v.
303 2635 383 2675 post
403 2630 542 2663 δοκοῦσι
561 2642 591 2663 r.
728 2634 744 2652 Ζ
766 2629 957 2671 ἐφενάκιζεν
978 2627 1079 2673 ὑμᾶς]
1106 2627 1188 2671 ὑμᾶς
1208 2626 1399 2670 ἐφενάκιζεν
1419 2626 1740 2661 A.F.Y.O.k.l·.s.v.

225 2688 244 2708 a
262 2682 484 2727 προσείλετο]
508 2680 690 2727 προείλετο
710 2681 871 2714 A.Y.O.k
887 2693 945 2714 123.
1043 2677 1062 2704 b
1082 2683 1203 2713 τοῦτον
1225 2679 1338 2713 F.S.V.
1371 2679 1570 2723 Legebatur
1590 2679 1737 2712 τουτονί.

225 2740 242 2760 0
260 2735 410 2780 πάντων]
433 2735 588 2768 ἁπάντων
610 2734 681 2767 F.v.
837 2730 855 2757 d
884 2737 951 2766 τῶν
970 2746 1041 2767 om.
1058 2745 1091 2767 v.
1248 2737 1263 2756 e
1293 2731 1466 2777 κοινωνόν]
1490 2730 1600 2765 κοινόν
1620 2744 1670 2777 pr.
1694 2731 1738 2765 Ο.

225 2785 240 2812 f
257 2784 345 2834 κᾷτ’]
370 2787 439 2822 κατ’
463 2788 497 2822 S.
527 2788 579 2821 καὶ
598 2786 690 2820 Y.O.
731 2785 857 2820 κᾶπειτ’
877 2787 1020 2821 A.k.r.s.
1158 2791 1178 2818 g
1198 2785 1268 2831 ἐπὶ]
1294 2784 1329 2818 ἐν
1348 2796 1375 2818 r.
1514 2781 1533 2808 h
1554 2784 1600 2817 ὢν
1619 2795 1689 2818 om.
1711 2796 1739 2817 r.

226 2840 345 2875 Habet
364 2842 404 2880 A,
426 2842 468 2874 de
489 2852 558 2886 quo
578 2839 710 2873 fallitur
730 2839 905 2873 Reiskius.
1034 2836 1043 2863 i
1064 2834 1109 2872 ὧν
1128 2850 1199 2872 om.
1218 2837 1425 2872 A.Y.O.k.s.
1547 2834 1566 2861 k
1588 2838 1737 2881 εἰσενεγ-

859 2889 908 2918 καὶ

227 2925 367 2970 κόντων]
392 2926 652 2970 εἰσενεγκόντων
673 2926 715 2957 Ο.
828 2923 836 2949 ¹
861 2926 900 2958 οὐ
921 2925 983 2967 μὴν
1003 2937 1031 2958 r.
