1954 3273
62 185 217 229 -520‚
235 190 267 213 4.
734 175 873 212 ΚΑΤΑ
907 174 1157 211 ΜΕΙΔΙΟΎ.
1618 170 1699 210 545

120 305 172 334 20
184 290 299 337 σθαι
330 284 412 336 τὸν
438 284 647 348 αὐλητὴν
673 285 859 352 ἔλαχον,
888 286 1011 347 ὑμεῖς
1045 282 1142 346 μὲν,
1169 280 1206 332 ὦ
1233 282 1419 347 οὀίνδρες
1445 282 1699 344 Ἀθηναῖοι,

181 370 352 424 πάντες
389 369 614 438 ἀμφότερ’
649 371 710 422 ὡς
745 368 842 419 οἷόν
879 391 928 418 τε
967 366 1163 431 μάλιστ’
1196 365 1504 433 ἀπεδέξασθε,
1539 362 1624 427 τήν
1658 365 1697 414 τ’

182 454 469 519 ἐπαγγελίαν
513 452 598 516 τὴν
642 451 756 515 ἐμὴν
801 453 876 502 καὶ
925 449 979 501 τὸ
1024 449 1221 513 συμβὰν
1265 448 1358 499 ἀπὸ
1409 451 1491 511 τῆς
1541 447 1697 514 τύχης,

182 540 257 589 καὶ
290 537 494 604 θόρυβον
527 539 601 588 καὶ
635 535 801 603 κρότον
827 541 1036 586 τοιοῦτον
1062 537 1123 587 ὡς
1150 533 1207 584 ἂν
1231 532 1523 584 ἐπαινοῦντές
1548 554 1597 581 τε
1624 533 1699 582 καὶ
1715 553 1752 574 10

180 622 496 686 συνησθέντες
547 620 810 684 ἐποιήσατε,
863 619 1064 672 Μειδίας
1114 619 1152 669 δ’
1201 618 1363 668 οὑτοσὶ
1415 615 1556 678 μόνος
1606 620 1700 665 τῶν

181 704 419 768 ἁπάντων,
459 707 521 758 ὡς
559 705 714 766 ἔοικεν,
755 703 985 770 ἠχθέσθη,
1026 704 1100 752 καὶ
1145 699 1543 767 παρηκολούθησε
1586 703 1697 764 παρ’

181 789 300 854 ὅλην
335 789 421 853 τὴν
454 789 748 855 λειτουργίαν
773 786 1036 853 ἐπηρεάζων
1061 793 1077 812 ‘³
1087 808 1165 848 μοι
1200 788 1410 851 συνεχῶς
1446 785 1520 834 καὶ
1557 782 1700 848 μικρὰ

118 890 164 919 21
181 875 257 924 καὶ
283 872 436 938 μείζω.
480 872 575 923 ὅσα
599 871 684 936 μὲν
711 872 791 922 οῦν
817 869 943 922 frob?
969 867 1193 936 χορευτὰς
1218 865 1565 929 ἐναντιούμενος
1590 865 1700 928 ἡμῖν
1717 888 1751 920 ¹5

181 959 412 1024 ἀφεθῆναι
448 967 467 995 g
478 960 558 1020 τῆς
596 957 845 1023 στρατείας
877 953 1200 1021 ὴήνώχλησεν,
1237 951 1266 1016 ἢ
1304 948 1701 1017 προβαλλόμενος

180 1043 256 1091 καὶ
290 1041 491 1091 κελεύων
525 1038 689 1091 ἑαυτὸν
724 1043 786 1092 εἷς
821 1037 1052 1089 Διονύσια
1088 1040 1366 1104 χειροτονεῖν
1402 1032 1699 1097 ἐπιμελητὴν,

179 1123 208 1188 ἢ
243 1125 403 1175 τᾶλλα
439 1124 596 1176 πάντα
630 1124 724 1175 ὅσα
759 1128 965 1183 τοιαῦτα,
991 1120 1131 1171 ἐάσω·
1173 1119 1344 1185 οὐγὰρ
1371 1120 1527 1183 ἀγνοῶ
1559 1118 1700 1178 τοῦθ’,

181 1207 250 1258 ὅτι
288 1212 354 1277 τῷ
394 1207 478 1272 μὲν
512 1207 858 1275 ἐπηρεαζομένῳ
894 1204 1013 1255 Ῑτότ’
1043 1205 1141 1266 ἐμοὶ
1181 1205 1256 1253 καὶ
1295 1201 1579 1269 ὑβριζομένῳ
1615 1198 1702 1263 τὴν

181 1291 326 1355 αὐτὴν
351 1291 499 1358 ὀργὴν
526 1292 727 1342 ἕκαστον
748 1290 927 1341 τούτων
953 1290 1099 1355 ἥνπερ
1127 1288 1235 1338 ἄλλ’
1259 1288 1414 1337 ὁτιοῦν
1439 1290 1532 1336 τῶν
1559 1288 1702 1335 δεινο-
1716 1310 1755 1332 20

119 1375 335 1430 22τάτων
369 1377 594 1442 παρίστη,
629 1377 735 1438 ὑμῖν
769 1373 817 1426 δὲ
851 1378 947 1427 τοῖς
982 1373 1162 1434 ἄλλοις,
1191 1371 1316 1440 1“’ἐ’ξω
1352 1375 1434 1421 τοῦ
1472 1367 1697 1435 πράγμα-

181 1483 261 1513 τος
298 1460 447 1520 οὖσιν,
487 1461 570 1510 οὐκ
609 1457 667 1510 ἂν
707 1459 822 1512 ἴσως
860 1456 998 1526 1οἴξια
1036 1462 1184 1507 ταῦτα
1223 1456 1323 1506 καθ’
1364 1453 1484 1505 αὑτὰ
1522 1455 1704 1518 ἀγῶνος

182 1544 364 1611 φανείη·
407 1544 517 1592 ἀλλ’
547 1541 621 1592 ωᾶ
654 1540 849 1594 Ππάντες
885 1539 971 1591 οᾶν
1009 1541 1178 1604 ὁμοίως
1210 1538 1524 1591 Ροἰκούσαντες
1552 1539 1698 1602 (Ῑάγα-

181 1625 475 1690 νακτήσαιτε,
524 1626 649 1676 ταῦτ’
696 1627 801 1691 ἐρῶ.
876 1625 980 1675 ἔστι
1031 1632 1045 1650 Γ
1063 1625 1099 1674 δ’
1149 1621 1391 1689 ὑπερβολὴ
1441 1626 1536 1672 τῶν
1586 1620 1705 1685 μετὰ

181 1716 341 1772 ταῦτα,
381 1707 412 1760 ἃ
450 1716 464 1735 ³
479 1708 646 1772 μέλλω
684 1708 853 1773 λέγειν,
893 1710 968 1758 καὶ
1009 1708 1099 1758 οὐδ’
1139 1706 1196 1757 ἂν
1234 1707 1516 1773 ἐπεχείρησα
1553 1704 1703 1770 ε”γωγε
1717 1730 1753 1760 25

183 1798 458 1859 κατηγορεῖν
493 1794 634 1842 αὐτοῦ
670 1798 765 1854 νῦν,
792 1795 829 1842 εἰ
864 1791 927 1855 μὴ
962 1794 1036 1842 καὶ
1071 1790 1176 1842 τότε
1211 1793 1259 1841 ἐν
1290 1795 1356 1859 τῷ
1386 1790 1518 1858 δήμῳ
1544 1812 1701 1855 παρα-

120 1904 170 1947 23
185 1880 344 1944 χρῆμα
382 1875 637 1944 ἐξήλεγξα.
692 1874 777 1939 τὴν
811 1874 904 1941 γὰρ
938 1877 1118 1938 ἐσθῆτα
1152 1873 1237 1938 τὴν
1274 1872 1398 1940 ἱεράν
1434 1872 1582 1938 (ἱερὰν
1613 1871 1705 1938 γὰρ

184 1961 333 2026 ε”γωγε
386 1959 553 2025 νομίζω
604 1963 781 2020 πᾶσαν,
834 1957 954 2021 ὅσην
1004 1958 1061 2008 ἄν
1110 1980 1179 2010 τις
1230 1958 1362 2007 ἕνεκα
1411 1960 1494 2020 τῆς
1544 1957 1705 2021 ἑορτῆς

183 2043 635 2111 ἴπαρασκευάζηται,
671 2043 788 2095 ι1ἕως
825 2040 883 2092 ἂν
921 2045 1132 2108 χρησθῇ)
1176 2043 1252 2091 καὶ
1293 2039 1400 2094 τοῦς
1439 2039 1705 2108 στεφάνους
1715 2062 1801 2103 520

183 2127 290 2182 τοὺς
316 2133 537 2195 χρυσοῦς,
565 2126 642 2179 οὓς
670 2124 966 2190 ἐποιησάμην
992 2125 1084 2191 ἐγὼ
1111 2123 1295 2188 κόσμον
1326 2128 1393 2193 τῷ
1426 2127 1565 2192 χορῷ,
1593 2125 1699 2173 ἐπε-

184 2212 460 2273 βούλευσεν,
499 2208 536 2261 ὦ
581 2209 743 2276 ἄνδρες
785 2210 1041 2273 Ἀθηναῖοι,
1081 2208 1350 2277 διαφθεῖραί
1388 2230 1478 2271 μου
1525 2206 1705 2272 νύκτωρ

186 2295 338 2347 ἐλθὼν
367 2297 442 2346 ἐπὶ
474 2294 558 2358 τὴν
591 2295 738 2344 οἰκίαν
763 2291 849 2357 τὴν
875 2298 958 2343 τοῦ
990 2293 1271 2359 χρυσοχόου.
1327 2295 1401 2342 καὶ
1435 2290 1704 2359 διέφθειρεν,

241 2448 257 2468 c
277 2442 395 2486 ἅνδρες
411 2442 600 2488 Ἀθηναῖοι]
625 2442 782 2476 δικασταὶ
802 2441 838 2475 k.
967 2436 985 2464 (Ῑ
1006 2438 1157 2484 πάντων]
1182 2438 1337 2472 ἁπάντων
1358 2437 1463 2471 F.t.v.
1591 2442 1607 2461 θ
1627 2436 1701 2482 μοι]

188 2496 261 2540 ἐμοὶ
280 2497 499 2531 A.F.k.r.t.v.
529 2510 587 2539 μοι
605 2495 642 2528 in
661 2507 782 2528 rasura
799 2494 906 2527 habet
928 2493 963 2527 S.
1039 2490 1052 2516 f
1070 2492 1149 2526 τοὺς
1170 2490 1377 2525 P.S.Y.O.s.
1399 2497 1433 2524 et
1455 2490 1703 2535 grammaticus

187 2549 224 2583 in
245 2549 397 2583 Bekkeri
415 2549 548 2584 Anecd.
570 2561 606 2593 p.
625 2546 710 2592 138,
731 2557 786 2582 12.
827 2546 1026 2592 Legebatur
1046 2544 1064 2588 ἢ
1085 2544 1175 2580 τούς.
1305 2549 1325 2576 g
1344 2545 1402 2586 τῆς
1423 2542 1619 2588 στρατείας]
1644 2544 1702 2586 τῆς

188 2603 351 2648 στρατιᾶς
370 2603 449 2636 A.k.
471 2608 506 2636 et
525 2614 546 2635 a
564 2613 611 2635 m.
635 2613 702 2634 see.
726 2601 761 2634 S.
792 2600 851 2635 τὰς
871 2600 1033 2643 στρατιὰς
1052 2611 1078 2632 r.
1229 2594 1249 2621 h
1270 2595 1487 2642 ἠνώχλησεν]
1513 2594 1705 2640 ἦνόχλησεν

189 2668 243 2700 pr.
267 2655 302 2688 S.
399 2652 410 2679 i
429 2654 498 2688 τότ’
519 2654 611 2700 ἐμοὶ]
636 2655 713 2687 τότε
732 2667 789 2696 μοι
811 2653 926 2686 S.O.s.
1026 2650 1041 2673 k
1064 2652 1128 2695 ἔξω
1151 2651 1185 2684 S.
1219 2650 1418 2695 Legebatur
1438 2651 1508 2684 τοῖς
1527 2650 1602 2693 ἔξω.
1633 2651 1704 2682 τοῖς

189 2708 314 2752 ἔξωθεν
333 2708 374 2741 Α.
470 2704 481 2732 Ῑ
501 2707 578 2751 ἄξια
597 2709 702 2741 ταῦτα
721 2704 792 2740 καθ’
811 2705 912 2751 αὑτὰ]
935 2705 1018 2738 αὐτὰ
1039 2704 1109 2738 καθ’
1131 2704 1215 2737 αὑτὰ
1234 2705 1311 2747 ἄξια
1330 2704 1440 2736 A.k.1·.
1537 2708 1568 2725 m
1588 2701 1625 2746 ἃ]
1649 2700 1704 2745 ἐφ’

189 2759 240 2796 οἷς
259 2761 367 2795 A.k.r.
389 2766 424 2794 et
444 2775 498 2805 γρ.
520 2761 560 2794 P.
636 2766 656 2784 n
675 2758 816 2804 πάντες]
839 2759 983 2792 ἅπαντες
1002 2759 1114 2791 A.k.r.
1195 2762 1212 2781 0
1233 2756 1271 2790 ἒν
1291 2768 1360 2789 om.
1376 2754 1701 2789 A.S.P.Y.O.k.r.s.

190 2819 210 2847 P
237 2812 439 2848 ἀκούσαντες
469 2825 537 2846 om.
560 2814 599 2847 P.
630 2813 666 2846 in
695 2812 853 2857 margine
882 2811 981 2857 ponit
1010 2823 1031 2844 a
1058 2823 1106 2844 m.
1136 2822 1204 2845 see.
1229 2810 1262 2843 S.
1299 2815 1379 2854 post
1407 2808 1566 2853 ἅγανακτ.
1589 2808 1701 2840 A.k.1·.

190 2872 210 2900 q
229 2865 514 2912 ἀγανακτήσαιτε]
539 2864 788 2911 ἀγανακτήσετε
807 2864 1010 2898 A.Y.O.k.s.
1032 2870 1066 2897 et
1085 2875 1153 2897 ree.
1178 2864 1213 2897 S.
1392 2867 1406 2884 Γ
1427 2862 1482 2906 δέ]
1508 2860 1544 2893 δὲ
1563 2861 1615 2893 καὶ
1635 2865 1700 2895 t.v.

191 2924 206 2944 S
225 2921 342 2962 μέλλω
361 2918 491 2965 λέγειν]
516 2918 630 2965 λέγειν
648 2920 765 2961 μελλω
784 2930 811 2951 r.
958 2919 971 2943 t
989 2917 1279 2963 παρασκευάζηται
1301 2914 1465 2948 S.Y.O.s.
1504 2913 1702 2959 Legebatur

190 2973 499 3018 παρασκευάσηται.
596 2977 615 2996 ¹1
638 2970 715 3016 ἕως]
740 2971 939 3016 Legebatur
958 2971 1051 3005 τέως.
1082 2970 1124 3005 ὡς
1145 2965 1320 3004 οονῦεοῖυε
1340 2968 1379 3001 P.

908 3042 982 3070 ΚΖ
