1954 3273
237 167 321 213 696
783 167 1209 207 ΔΗΜΟΣΘΕΝΟΤΣ
1313 163 1393 202 On.
1413 160 1605 202 XXIII.
1622 168 1666 216 'p.
1685 159 1781 210 664,
1799 175 1876 200 8—

240 289 319 331 λιν
351 285 413 334 εἰς
455 286 600 347 Δρῦν,
639 279 897 345 ἡγούμενον
930 280 991 332 ὡς
1028 277 1111 340 μὲν
1144 279 1260 341 ὑμᾶς
1297 277 1400 342 οὐχὶ
1437 279 1594 328 καλῶς
1631 273 1752 341 ε”χειν

243 366 410 428 ἐλθεῖν,
437 364 514 418 οὓς
555 364 775 430 ὑστέρους
812 363 1057 426 ἐπεποίητο
1092 366 1175 411 τοῦ
1203 358 1390 428 Θρᾳκὸς
1417 361 1492 409 καὶ
1517 363 1600 409 τοῦ
1625 364 1747 424 βαρ-

244 448 409 514 βάρου,
435 453 545 514 παρ’
574 449 728 516 ἐκείνῳ
756 449 792 497 δ’
822 448 904 497 οὐκ
929 445 1150 513 ἀσφαλὲς
1187 442 1301 494 εἶναι
1333 443 1498 507 με’νειν,
1525 441 1577 494 ὃν
1608 442 1782 495 οὕτως5

155 545 232 597 156
247 534 568 599 ὀλιγωροῦντα
606 532 728 598 ἑώρα
765 534 846 594 τῆς
885 532 1049 581 ἑαυτοῦ
1075 529 1323 594 σωτηρίας.
1365 527 1449 578 ι’ὀὶν
1484 528 1579 590 οὖν,
1604 525 1640 576 ὦ
1667 527 1750 577 ἄν·

247 619 350 682 δρες
374 618 630 679 Ἀθηναῖοι,
657 616 732 665 καὶ
759 613 1161 679 εΚερσοβλέπτης
1198 613 1247 662 ἐκ
1286 615 1368 675 τῆς
1405 615 1471 680 τῷ
1496 609 1757 679 Χαριδήμῳ

248 706 329 751 νῦν
356 701 509 752 ἀδείας
544 697 1001 763 κατασκευαζομένης
1026 696 1241 764 αὐξηθεὶς
1276 697 1486 763 ὀλιγωρῇ
1519 695 1603 759 μὲν
1637 696 1754 745 ἐκεί-

249 807 342 846 νου,
383 783 620 850 νεωτερίζῃ
659 781 712 832 δέ
747 805 792 831 τι
831 784 906 831 καὶ
945 786 1047 847 κινῇ
1080 780 1199 846 πρὸς
1239 781 1369 843 ὑμᾶς,
1409 779 1596 847 ἐξαρκεῖ
1629 782 1756 830 τοῦθ’
1773 793 1811 814 ¹0

251 869 371 929 ὑμῖν,
399 865 477 916 ἐὰν
503 865 776 931 Χαρίδημος
803 863 1092 931 ἐξαπατηθῇ,
1118 861 1201 912 τὸν
1228 865 1398 929 Θρᾷκα
1437 860 1633 928 ἰσχυρὸν
1659 858 1758 928 ᾱέφ’

253 952 371 1014 ὑμᾶς
413 947 603 1002 θαύτοὺς
648 946 1070 1008 κατεσκευακέναι;
1114 944 1206 1011 ἐγῶ
1247 945 1330 1009 μὲν
1375 946 1456 996 οὐκ
1504 945 1636 1013 ἀξιῶ.
1689 946 1764 995 καὶ

250 1033 344 1099 γὰρ
384 1032 397 1060 f

250 1121 435 1185 προορᾷ
461 1116 746 1181 Χαρίδημος,
772 1112 850 1164 εἶθ’
881 1113 1006 1166 ὅπως
1044 1113 1266 1164 τοιούτων
1291 1112 1624 1181 ψηφισμάτων
1657 1112 1762 1163 τεύ-

402 1035 544 1083 ἐκεῖνο
580 1031 747 1097 νομίζω
781 1030 970 1093 δίκαιον,
1005 1034 1041 1079 εὶ
1075 1028 1161 1092 μὲν
1195 1028 1467 1080 αἰσθάνεται
1502 1034 1649 1080 ταῦτα
1690 1030 1765 1079 καὶ

253 1201 383 1269 ξεται
423 1200 767 1266 διαπράττεται,
803 1201 864 1252 ὡς
902 1198 1252 1259 ἐπιβουλεύοντι
1277 1197 1342 1262 μὴ
1381 1198 1639 1265 ἐπιτρέπειν
1677 1199 1759 1248 αὐ·
1779 1215 1815 1244 15

169 1304 239 1348 ¹57
255 1290 334 1354 τῷ,
367 1290 402 1335 εἰ
439 1285 487 1335 δὲ
526 1284 726 1348 λέληθεν
761 1283 943 1345 ἕαύτὸν,
979 1284 1080 1354 ὅσῳ
1114 1289 1305 1347 μᾶλλον
1342 1285 1502 1335 εὔνουν
1535 1307 1604 1338 τις
1629 1283 1771 1334 αὐτὸν

256 1369 516 1436 ὑπείληφεν
560 1366 687 1430 εἶναι,
734 1367 949 1435 τοσούτῳ
987 1372 1179 1430 μᾶλλον
1222 1368 1501 1434 προϊδέσθαι
1546 1369 1620 1418 καὶ
1657 1366 1771 1433 ὑπὲρ

256 1453 274 1480 ¹¹
287 1455 428 1503 αὑτοῦ
468 1454 543 1502 καὶ
582 1451 695 1517 ὑπὲρ
732 1450 934 1503 ἰἐκείνου.
976 1451 1079 1501 ε”στι
1110 1450 1202 1517 γὰρ
1229 1452 1388 1519 φίλων
1414 1453 1606 1516 ἀγαθῶν
1632 1453 1686 1501 οὐ
1711 1449 1770 1501 τὰ

257 1541 447 1587 τοιαῦτα
485 1535 758 1603 χαρίζεσθαι
796 1540 891 1588 τοῖς
930 1536 1087 1596 εὔνοις,
1115 1535 1171 1603 ἐξ
1193 1533 1257 1585 ὧν
1289 1536 1511 1588 κάκείνοις
1541 1537 1617 1586 καὶ
1643 1535 1762 1603 σφί-
1781 1559 1823 1581 20

257 1643 338 1670 σιν
365 1620 519 1672 αὐτοῖς
557 1619 691 1669 ἔσται
725 1641 794 1671 τις
827 1617 1008 1682 βλάβη,
1035 1619 1145 1668 ἀλλ’
1175 1616 1199 1668 ὃ
1230 1618 1314 1681 μὲν
1340 1616 1397 1668 ἂν
1422 1618 1577 1686 μέλλῃ
1603 1619 1766 1669 συνοί-

257 1726 361 1754 σειν
396 1705 588 1771 ἀμφοῖν,
620 1700 957 1769 συμπράττειν,
993 1700 1017 1751 ὃ
1054 1702 1093 1751 δ’
1119 1697 1174 1752 ἂν
1207 1702 1345 1756 αὐτὸς
1379 1702 1567 1765 ἄμεινον
1599 1702 1771 1752 ἐκείνου

259 1791 456 1855 προορᾷ,
495 1785 612 1853 πρὸς
655 1786 709 1837 τὸ
751 1791 907 1839 καλῶς
946 1786 1054 1853 ἕχον
1093 1787 1308 1837 τίθεσθαι
1352 1789 1426 1837 καὶ
1460 1785 1524 1850 μὴ
1567 1785 1652 1848 τὴν
1686 1787 1774 1850 ἤδη

262 1871 398 1939 χάριν
448 1876 531 1921 τοῦ
581 1870 698 1934 μετὰ
748 1876 896 1921 ταῦτα
945 1870 1116 1937 χρόνου
1164 1869 1340 1924 παντὸς
1400 1873 1505 1937 περὶ
1559 1871 1776 1923 πλείονος

170 1968 247 2022 158
262 1957 496 2022 ἡγεῖσθαι.
553 1957 605 2005 οὐ
649 1956 804 2005 τοίνυν
850 1956 942 2005 οὐδ’
996 1953 1178 2006 Ι(ἐκεῖνο
1229 1953 1527 2021 λογιζόμενος
1577 1954 1825 2017 δύναμαι25

262 2043 476 2102 κατιδεῖν,
504 2043 580 2102 ὡς,
607 2044 642 2090 εἰ
683 2041 757 2090 καὶ
793 2038 1038 2105 βάρβαρος
1077 2041 1151 2089 καὶ
1192 2039 1394 2091 ἄπιστος
1432 2039 1456 2088 ὁ
1498 2037 1774 2104 Κερσοβλέ-

262 2147 396 2187 πτης,
424 2123 548 2185 ὅμως
586 2123 865 2188 προνοηθείη
900 2123 941 2187 γ’
972 2122 1028 2172 ἂν
1064 2122 1128 2185 μὴ
1164 2122 1222 2172 τὰ
1261 2128 1518 2186 τηλικαῦτα
1556 2123 1776 2185 ἀδικῆσαι

265 2209 553 2273 Χαρίδημον.
614 2207 726 2256 ὅταν
777 2205 869 2270 γὰρ
919 2204 1065 2255 πάλιν
1116 2205 1326 2273 ἐξετάσω
1374 2203 1572 2268 1ἡλίκων
1624 2205 1778 2258 Κότυς

265 2290 539 2358 Ἰφικράτην
565 2297 592 2315 ¹¹¹
603 2287 946 2353 ἀποστερήσειν
972 2289 1163 2351 μέλλων
1200 2288 1330 2339 οὐδὲν
1363 2287 1626 2356 ἐφρόντισε,
1651 2311 1772 2338 παν·

267 2378 414 2427 τελῶς
452 2372 629 2441 “του’τῳ
667 2395 722 2437 γε
760 2371 889 2422 οὐδὲν
923 2369 978 2422 ἂν
1021 2373 1222 2438 ἡγοῦμαι
1262 2375 1470 2436 μελῆσαι
1504 2376 1599 2422 τῶν
1635 2373 1776 2422 οάπο-
1791 2374 1874 2429 665

175 2475 252 2515 159
268 2457 507 2520 λουμένων
545 2454 822 2524 Χαριδήμῳ.
867 2457 891 2506 ὁ
935 2455 1020 2519 μέν
1061 2458 1103 2522 γ’
1147 2458 1316 2508 ἐκεῖνον
1357 2456 1505 2519 τιμὰς,
1547 2457 1781 2521 Ρσίτησιν,

269 2541 460 2602 εἰκόνας,
485 2540 703 2605 πατρίδα,
739 2537 768 2602 ἢ
803 2538 1012 2605 ζηλωτὸν
1051 2539 1192 2591 αὐτὸν
1229 2541 1461 2604 ἐποίησεν,
1494 2541 1660 2605 ὀλίγου
1694 2539 1782 2591 δέω

326 2699 346 2727 b
379 2701 436 2749 ἂν]
472 2703 529 2736 ἐὰν
558 2703 704 2736 A.k.r.s.
843 2707 859 2727 0
893 2704 1175 2750 Κερσοβλέπτης]
1204 2705 1222 2737 ὁ
1255 2704 1511 2748 κερσοβλέπτης
1543 2715 1572 2739 r.
1612 2705 1630 2736 ὁ
1661 2716 1782 2747 κερσο-

273 2755 418 2799 κλέπτης
439 2769 467 2790 s,
579 2756 593 2775 ⁴¹
616 2754 688 2801 ἐφ’]
714 2755 773 2799 ὑφ’
796 2755 840 2790 Ο.
968 2762 983 2781 e
1003 2757 1126 2792 αὐτοὺς
1145 2769 1215 2791 om.
1237 2758 1312 2791 A.r.
1438 2753 1453 2780 s
1470 2755 1590 2802 ἐκεῖνο]
1616 2754 1728 2790 ἐκείνω
1747 2756 1783 2789 k.

274 2814 294 2841 g
313 2810 416 2842 αὐτὸν
435 2821 505 2843 0111.
524 2810 668 2843 A.k.x·.s.
811 2806 829 2832 h
850 2809 970 2855 αὑτοῦ]
994 2811 1113 2844 ἑαυτοῦ
1133 2823 1183 2856 pr.
1207 2811 1242 2845 S.
1266 2817 1303 2844 ut
1323 2810 1470 2843 videtur.
1605 2807 1614 2834 ἰ
1636 2807 1779 2854 ἐκείνου]

274 2862 407 2895 ἐκείνων
426 2863 570 2896 A.k.r.s.
661 2858 680 2885 k
702 2861 823 2907 ἐκεῖνο]
847 2863 958 2896 ἐκείνω
979 2864 1013 2897 k.
1107 2861 1113 2883 ἦ
1133 2862 1274 2910 ἡλίκων]
1299 2863 1449 2906 πηλίκων
1468 2862 1497 2896 Y
1517 2862 1560 2896 Ο.
1654 2868 1683 2886 m
1698 2861 1783 2895 ἀπο-

275 2915 474 2962 στερήσειν]
499 2915 702 2960 ἀποστερεῖν
723 2916 866 2949 Αλλης.
994 2923 1012 2940 ¹¹
1033 2915 1160 2964 τούτῳ]
1184 2920 1285 2950 τοῦτο
1306 2916 1431 2950 Y.O.V.
1557 2921 1575 2940 0
1595 2915 1786 2959 ἀπολουμέ-

275 2968 355 3013 νων]
380 2969 662 3015 ἀπολογουμένων
682 2981 708 3002 r.
822 2976 840 3004 1¹
861 2969 1012 3013 σίτησιν,
1034 2970 1178 3016 εἰκόνας]
1202 2971 1329 3006 εἰκόνας
1349 2970 1488 3013 σίτησιν
1508 2969 1656 3003 A.k.r.S.
