1954 3273
66 144 218 198 -631‚
242 157 291 182 ιι.
587 148 729 184 ΚΑΤΑ
763 148 1222 185 ΑΡΙΣΤΟΚΡΑΤΟΎΣ.
1611 146 1691 187 661

189 256 334 311 ἁλοὺς
370 257 528 325 ἔνοχος
566 262 633 327 τῷ
656 257 958 324 προσρήματι
991 259 1141 328 τούτῳ
1169 258 1443 323 καθέστηκε,
1468 258 1525 324 τὴ
1550 281 1694 321 τιμω-

187 340 292 405 ρίαν
337 341 560 408 ἔγραψεν.
618 344 724 407 περὶ
765 341 849 404 μὲν
893 341 948 405 δὴ
992 347 1086 392 τῶν
1131 342 1409 394 ἑαλωκότων
1450 341 1508 393 ἀν
1552 343 1699 409 λέγοι.

120 446 173 488 35
189 426 315 492 λέγει
366 427 414 478 δὲ
464 428 537 486 τίς
578 425 746 493 ἐξεῖναι
795 427 1078 476 ἀποκτείνειν
1129 429 1203 477 καὶ
1253 426 1466 493 ἀπάγειν.
1522 425 1591 492 ἀρ’
1640 430 1756 480 ὡςῐο

188 510 361 572 αὑτόν,
405 509 433 575 ἢ
470 513 532 563 ὡς
567 509 624 560 ἂν
649 509 886 574 βούληταί
914 532 1015 570 τις;
1055 517 1244 561 πολλοῦ
1271 533 1325 576 γε
1350 513 1425 561 καὶ
1452 514 1530 562 δεῖ.
1570 510 1703 561 ἀλλὰ

186 599 320 657 πῶς;
365 598 425 650 ὡς
464 597 512 645 ἐν
551 599 616 664 τῷ
655 595 788 663 ἄξονι
823 594 1010 660 εἴρηται,
1046 595 1209 662 φησίν.
1249 601 1387 645 τοῦτο
1423 596 1461 645 δ’
1490 596 1592 644 ἐστὶ
1619 596 1667 645 τί
1684 617 1696 656 ;

188 678 213 730 ὃ
247 678 418 733 πάντες
452 680 702 730 ἐπίστασθ’
746 680 884 742 ὑμεῖς.
927 683 967 729 οὶ
1003 679 1284 742 θεσμοθέται
1317 678 1424 732 τοὺς
1461 681 1532 729 ἐπὶ
1570 678 1702 747 φόνῳ

189 763 450 830 φεύγοντας
475 763 619 828 κύριοι
647 761 835 832 θανάτῳ
875 764 1108 829 ζημιῶσαί
1139 767 1244 824 εἱσι,
1274 765 1347 813 καὶ
1383 762 1492 814 Υτὸν
1529 765 1579 814 ἐκ
1619 766 1700 827 τῆς
1717 785 1753 816 15

188 849 441 911 ἐκκλησίας
477 847 648 914 πέρυσι
681 846 852 901 πάντες
887 848 1056 913 ἑωρᾶτε
1099 848 1171 898 ὑπ’
1200 848 1381 897 ἐκείνων
1410 847 1696 914 ἀπαχθέντα.

120 950 174 1001 36
189 935 250 986 ὡς
287 933 478 987 τούτους
517 933 597 984 οὖν
623 932 822 998 ἀπάγειν
855 933 996 999 λέγει.
1041 933 1247 1002 διαφέρει
1281 933 1329 983 δὲ
1364 935 1413 984 τί
1447 939 1584 984 τοῦτο
1618 938 1701 983 τοῦ

189 1020 250 1071 ὡς
285 1016 426 1069 αὑτὸν
460 1018 588 1083 ἄγειν
607 1040 619 1080 3
665 1017 734 1068 ὅτι
774 1018 798 1067 ὁ
835 1017 920 1080 μὲν
953 1017 1164 1082 ἀπάγων,
1192 1016 1228 1067 ὦ
1255 1018 1419 1083 ἄνδρες
1443 1018 1700 1081 Ἀθηναῖοι,

188 1104 250 1154 ὡς
287 1101 395 1154 τοὺς
423 1101 712 1165 θεσμοθέτας
736 1099 843 1155 τοὺς
877 1101 1044 1166 νόμους
1072 1102 1253 1167 κυρίους
1277 1106 1401 1152 ποιεῖ
1421 1107 1504 1152 τοῦ
1530 1103 1695 1167 δεδρα-

186 1183 333 1248 κότος,
362 1187 386 1235 ὁ
421 1186 468 1236 δὲ
506 1188 568 1239 ὡς
602 1184 742 1236 αὑτὸν
785 1186 913 1250 ὀίγων
945 1184 1121 1236 ἑαυτόν.
1161 1185 1265 1235 ε”στι
1298 1186 1336 1234 δ’
1366 1186 1571 1238 Ζἐκείνως
1602 1184 1700 1247 μὲν,
1714 1212 1755 1234 20

187 1271 248 1322 ὡς
288 1271 312 1319 ὁ
349 1269 488 1333 νόμος
527 1269 730 1327 3τοίττει,
767 1272 925 1320 δοῦναι
957 1270 1099 1332 δίκην,
1127 1270 1248 1319 οὕτω
1288 1268 1349 1330 δὲ,
1378 1271 1439 1321 ὡς
1475 1270 1499 1318 ὁ
1534 1267 1702 1329 λαβὼν

187 1353 424 1415 βούλεται.
464 1358 696 1404 πλεῖστον
737 1353 785 1403 δὲ
825 1352 975 1417 δήπου
1013 1353 1218 1421 διαφέρει
1253 1351 1335 1403 τὸν
1370 1351 1512 1415 νόμον
1544 1352 1702 1418 κύριον

121 1441 270 1502 37τῆς
312 1438 532 1505 τιμωρίας
571 1436 599 1502 ἢ
642 1436 725 1488 τὸν
769 1435 938 1504 ἐχθρὸν
982 1437 1243 1503 γίγνεσθαι.
1284 1437 1595 1500 λυμαίνεσθαι
1638 1435 1700 1498 δὲ,

188 1525 323 1590 φησὶ,
351 1520 457 1586 ἱ)μὴ,
491 1521 607 1585 μηδὲ
646 1523 858 1572 ἀποινᾶν.
903 1527 1051 1571 ταῦτα
1084 1521 1139 1572 δέ
1171 1523 1273 1571 ἐστι
1313 1521 1362 1572 τί
1380 1543 1391 1583 3
1436 1520 1490 1571 τὸ
1525 1519 1610 1584 μὲν
1643 1519 1699 1584 δὴ
1714 1548 1751 1579 25

186 1606 250 1671 μὴ
292 1607 606 1668 λυμαίνεσθαι
641 1606 877 1672 γνώριμον
918 1605 998 1656 οἶδ’
1044 1604 1114 1656 ὅτι
1153 1610 1275 1656 πᾶσι
1313 1605 1377 1669 μὴ
1422 1610 1700 1670 μαστιγοῦν,

186 1690 251 1755 μὴ
290 1693 398 1752 δεῖν,
429 1689 493 1753 μὴ
529 1688 588 1740 τὰ
626 1687 817 1740 τοιαῦτα
855 1695 1002 1740 ποιεῖν
1041 1690 1181 1755 λέγει,
1214 1688 1267 1740 τὸ
1295 1689 1343 1740 δὲ
1369 1691 1474 1754 μηδ’
1504 1691 1702 1740 ἀποινᾶν

187 1774 252 1838 μὴ
291 1774 510 1841 χρήματα
549 1772 856 1839 πράττεσθαι·
896 1773 955 1824 τὰ
989 1773 1081 1840 γὰρ
1114 1772 1333 1840 χρήματα
1371 1773 1540 1823 ἄποινα
1579 1770 1699 1822 ὠνό-

123 1856 333 1922 38μαζον
372 1861 413 1908 οἱ
451 1859 658 1908 παλαιοί.
700 1859 724 1908 ὁ
765 1856 850 1920 μὲν
882 1856 937 1921 δὴ
978 1856 1116 1921 νόμος
1159 1858 1305 1907 οοῦτω
1347 1855 1430 1907 τὸν
1470 1855 1699 1925 ἀνδροφό-
1718 1864 1795 1916 631

190 1965 269 1992 νον
308 1941 410 1992 (ικαὶ
449 1941 530 1992 τὸν
569 1941 810 1992 ἑαλωκότα
848 1943 936 2006 ἤδη
975 1944 1192 2008 διώρισεν
1231 1944 1292 1994 ὡς
1328 1941 1589 1992 κολαστέον
1629 1943 1704 1992 καὶ

189 2026 282 2076 ⁶05·
333 2026 417 2089 τὴν
461 2032 542 2077 τοῦ
583 2025 872 2078 πεπονθότος
918 2025 1059 2077 εἰπών
1099 2027 1316 2091 πατρίδα,
1357 2028 1432 2075 καὶ
1473 2028 1578 2090 περὶ
1621 2030 1704 2075 τοῦ

188 2110 341 2173 μηδέν’
369 2109 525 2160 ἄλλον
550 2111 724 2176 τρόπον
760 2109 788 2174 ὴ
815 2116 981 2160 τοῦτον
1006 2111 1110 2174 μηδ’
1140 2110 1314 2160 ἄλλοθι
1352 2108 1482 2172 πλὴν
1521 2110 1700 2159 ἐνταῦθ’

189 2194 402 2259 ἄντικρυς
441 2193 630 2259 εἴρηκεν.
671 2196 696 2244 ὁ
732 2194 779 2244 δὲ
813 2194 866 2244 τὸ
901 2192 1140 2262 ψήφισμα
1176 2194 1390 2261 γράφων,
1426 2199 1615 2244 πολλοῦ
1649 2215 1732 2258 γε5

189 2274 296 2337 Ῑδεῖ,
336 2277 567 2343 διώρισεν,
608 2290 632 2325 g
651 2277 701 2331 ὅς
741 2300 794 2343 γε
835 2276 991 2328 πάντα
1032 2276 1211 2331 τούτοις
1251 2277 1473 2327 τάναντία
1513 2275 1702 2341 ε’ίρηκεν·

123 2383 176 2424 39
190 2361 384 2428 γράψας
432 2360 525 2427 γὰρ
574 2360 653 2411 ἐάν
703 2385 771 2415 τις
823 2363 1072 2429 ἀποκτείνῃ
1122 2362 1412 2427 Χαρίδημον,
1465 2360 1705 2426 ἀγώγιμος

189 2444 326 2506 ἔστω,
355 2448 491 2512 φησὶ,
517 2444 827 2512 πανταχόθεν.
866 2446 915 2495 τί
937 2445 1086 2510 λε’γεις
1110 2467 1122 2507 ;
1166 2449 1260 2496 τῶν
1287 2444 1441 2508 νόμων
1468 2443 1572 2494 οὐδὲ
1597 2443 1706 2497 τοὺς

190 2527 455 2581 ἑαλωκότας
496 2527 718 2578 διδόντων
758 2526 956 2592 ἀπάγειν
996 2527 1127 2592 πλὴν
1170 2530 1218 2579 ἐν
1258 2533 1317 2596 τῇ
1364 2529 1594 2596 ἡμεδαπῇ,
1640 2527 1704 2578 σὺ
1721 2548 1759 2569 10

190 2611 385 2678 γράφεις
422 2611 530 2661 ἄνευ
567 2611 764 2676 κρίσεως
801 2609 905 2661 τινὰ
931 2611 1172 2676 ἀγώγιμον
1208 2613 1258 2662 ἐκ
1297 2614 1379 2675 τῆς
1404 2611 1705 2678 συμμαχίδος

246 2796 263 2822 5
283 2791 342 2823 τὸν
363 2789 397 2822 ἐκ
416 2789 492 2834 τῆς]
517 2791 576 2823 τὸν
595 2790 652 2832 τῆς
672 2802 698 2823 ι’.
821 2797 837 2814 Ζ
858 2788 1003 2836 ἐκείνως]
1029 2790 1151 2826 ἐκεῖνος
1172 2804 1201 2827 s.
1314 2796 1332 2815 a
1352 2790 1483 2835 τάττει]
1503 2790 1644 2834 πράττει
1665 2790 1703 2822 F.

192 2839 211 2867 b
232 2843 275 2886 μὴ
296 2855 365 2876 0111.
386 2855 438 2887 pr.
461 2843 502 2876 Y.
600 2847 612 2862 Ε
633 2841 736 2887 οὕτω]
761 2841 867 2878 οὕτως
888 2844 924 2877 S.
1009 2841 1028 2868 d
1049 2845 1101 2877 καὶ
1122 2845 1181 2878 τὸν
1200 2843 1388 2889 ἑαλωκότα]
1414 2844 1466 2876 καὶ
1486 2844 1656 2877 ἑαλωκότα
1676 2854 1704 2876 s.

192 2902 207 2920 θ
229 2894 285 2941 οὗ]
311 2898 351 2927 01'1'
370 2896 588 2929 A.F.k.r.s.v.
619 2896 658 2929 οὐ
680 2896 768 2929 Y.O.
926 2894 937 2916 Γ
964 2897 1031 2943 δεῖ]
1064 2897 1185 2931 δεῖκαὶ
1205 2909 1275 2932 rec.
1299 2896 1342 2930 Ο.
1384 2897 1436 2929 καὶ
1455 2896 1507 2930 δεῖ
1525 2896 1701 2930 A.k.r.s.v.

192 2955 211 2981 g
231 2948 284 2993 ὃς]
310 2948 353 2984 ὥς
374 2948 463 2983 Υ.Ο.
1202 2978 1205 2979 ⁷
