1954 3273
218 145 301 189 756
751 148 1180 187 ΔΗΜΟΣΘΕΝΟΎΣ
1278 147 1360 186 On.
1379 145 1560 186 XXIV.
1582 141 1622 202 p}
1641 157 1738 200 724,
1755 160 1853 185 24—

216 259 501 327 χειρότατον,
528 259 598 310 ὅτι
636 263 730 310 τῶν
763 259 848 322 μὲν
874 261 922 308 ἐν
953 263 1053 311 ταῖς
1088 258 1381 324 ὀλιγαρχίαις
1418 259 1616 312 ἕκαστος
1654 263 1728 310 καὶ

215 342 276 392 τὰ
300 341 608 407 πεπραγμένα
632 347 781 392 λῦσαι
814 342 888 390 καὶ
913 342 1018 406 περὶ
1044 344 1138 390 τῶν
1163 338 1439 403 μελλόντων
1466 339 1496 391 ἃ
1521 339 1577 391 ἂν
1603 343 1728 411 αὐτῷ
1740 362 1778 395 25

217 428 330 492 δοκῇ
369 423 640 493 προστάξαι
679 422 833 489 κύριός
870 425 1015 483 ἐστιν,
1042 426 1084 473 οἱ
1111 421 1160 473 δὲ
1187 422 1319 486 νόμοι
1354 425 1460 489 περὶ
1485 429 1579 474 τῶν
1605 432 1722 488 μελ-

216 506 400 558 λόντων
434 505 465 558 ἃ
500 505 590 574 χρὴ
616 507 866 572 γίγνεσθαι
901 505 1145 573 φράζουσι,
1174 513 1192 532 ⁰
1201 506 1319 569 μετὰ
1343 512 1425 557 τοῦ
1451 512 1613 558 πεῖσαι
1650 530 1725 558 τε·-

216 591 370 644 θέντες
397 593 459 643 ὡς
484 590 767 640 συνοίσουσι
792 594 887 642 τοῖς
921 589 1188 655 χρωμένοις.
1253 589 1551 655 Τιμοκράτης
1576 592 1731 642 τοίνυν

216 675 264 724 ἐν
290 672 700 740 δημοκρατουμένῃ
738 677 795 739 τῇ
835 672 973 723 πόλει
1009 677 1272 734 νομοθετῶν
1298 672 1383 737 τὴν
1418 675 1467 724 ἐκ
1506 677 1587 737 τῆς·
1621 676 1726 724 ὀλι-

216 759 415 825 γαρχίας
447 758 628 807 ἀδικίαν
662 761 723 810 εἷς
760 756 843 807 τὸν
869 757 1010 806 αὑτοῦ
1047 755 1190 820 νόμον
1220 756 1484 822 μετήνεγκε,
1512 761 1586 808 καὶ
1624 761 1822 824 περὶ725

215 846 310 892 τῶν
343 839 745 907 παρεληλυθότων
778 838 918 891 αὑτὸν
957 841 1235 907 κυριώτερον
1267 846 1362 892 τῶν
1401 840 1730 906 καταγνόντων

216 928 452 976 δικαστῶν
476 924 651 992 ἠξίωσε
678 927 889 986 ποιῆσαι.

152 1027 205 1067 88
294 1011 388 1059 Καὶ
424 1009 480 1059 οὐ
518 1013 656 1058 τοῦτο
694 1007 839 1070 μόνον
877 1009 1128 1072 πεποίηκεν
1168 1008 1455 1075 ὑβριστικὸν,
1487 1008 1618 1059 ἀλλὰ
1655 1011 1731 1060 καὶ

215 1092 516 1158 Ργέγραπται,
556 1088 609 1155 qi)
648 1089 702 1140 τὸ
737 1089 906 1141 λοιπὸν
949 1090 1028 1140 ἐάν
1072 1113 1159 1141 τινι
1197 1094 1501 1158 προστιμηθῇ
1535 1094 1728 1154 δεσμοῦ,

215 1174 329 1227 εἶναι
379 1173 738 1240 καταστήσαντι
798 1173 906 1228 τοὺς
964 1174 1209 1240 ἐγγυητὰς,
1260 1174 1320 1239 r⁷⁹7
1371 1176 1464 1240 μὴν
1513 1178 1758 1239 ἐκτίσειν,5

215 1262 458 1329 ἀφεῖσθαι.
507 1260 655 1310 καίτοι
699 1266 713 1285 S
733 1262 852 1327 χρῆν
896 1258 1082 1322 ῒαὺτὸν,
1133 1263 1169 1310 εἰ
1219 1259 1274 1311 τὸ
1315 1261 1530 1312 δέδεσθαι
1581 1260 1729 1311 δεινὸν

215 1343 386 1408 ἡγεῖτο,
411 1343 572 1406 μηδενὶ
606 1346 890 1407 προστιμᾶν,
918 1340 968 1396 ὃς
992 1341 1050 1392 ἂν
1086 1344 1192 1406 ὑμῖν
1227 1343 1457 1408 ἐγγυητὰς
1483 1347 1731 1410 υἱκαθιστῇ,

216 1429 394 1490 δεσμοῦ
433 1429 756 1489 νομοθετῆσαι,
787 1425 851 1490 μὴ
877 1425 1186 1490 προλαβόντα
1224 1427 1574 1493 κατεγνωκότας
1614 1430 1731 1492 ὑμᾶς

215 1509 333 1561 ντὸν
383 1509 560 1574 δεσμὸν
602 1511 709 1574 μηδ’
756 1511 933 1577 ἐχθρῶς
978 1510 1280 1562 Χδιατεθέντα
1322 1511 1441 1578 πρὸς
1487 1514 1603 1576 ὑμᾶς
1646 1511 1728 1563 τὸν
1745 1542 1784 1563 10

216 1592 434 1657 ἡλωκότα
484 1600 735 1658 τηνικαῦτα
785 1602 801 1629 y
817 1599 964 1644 ποιεῖν
1014 1594 1100 1659 τὴν
1149 1603 1166 1622 ²
1184 1596 1481 1664 ἐξεγγύησιν.
1527 1598 1625 1647 νυνὶ
1675 1598 1729 1658 δ’,

216 1677 379 1743 ὥσπερ
419 1677 758 1739 ἐνδεικνύμενος
803 1676 886 1738 ὅτι,
926 1675 1012 1727 κᾶν
1054 1679 1163 1740 ὑμῖν
1200 1681 1312 1746 δοκῇ
1356 1679 1573 1729 δεδέσθαι
1614 1678 1731 1740 τινὰ,

217 1761 390 1813 ἢαύτὸς
409 1759 600 1828 ἀφήσει,
627 1767 793 1810 τοῦτον
827 1759 909 1810 τὸν
939 1759 1116 1827 τρόπον
1149 1760 1231 1811 τὸν
1266 1760 1409 1825 νόμον
1444 1760 1727 1828 εἰσήνεγκεν.

152 1858 205 1912 89
220 1840 292 1908 ἆρ’
321 1843 401 1893 οὖν
426 1866 491 1912 τῳ
519 1846 644 1893 δοκεῖ
663 1843 923 1911 συμφέρειν
943 1847 1001 1910 τῇ
1026 1843 1163 1894 πόλει
1186 1849 1392 1897 τοιοῦτος
1413 1844 1566 1907 νόμος,
1588 1843 1638 1897 ὃς
1665 1847 1734 1894 δι-

217 1927 476 1992 καστηρίου
502 1925 723 1990 γνώσεως
749 1924 887 1979 αὐτὸς
925 1927 1198 1993 κυριώτερος
1237 1928 1371 1978 ἔσται
1408 1931 1482 1978 καὶ
1506 1926 1615 1982 ι’τοὶς
1641 1927 1730 1978 ὑπὸ
1747 1950 1781 1981 ι5

216 2014 310 2060 τῶν
336 2009 651 2073 ὀμωμοκότων
671 2009 872 2075 γνώσεις
892 2015 988 2064 τοῖς
1014 2011 1273 2074 ἀνωμότοις
1291 2011 1552 2079 προστάξει
1571 2011 1700 2062 λύειν
1719 2033 1730 2072 ;

217 2092 309 2158 ἐγὼ
334 2092 419 2156 μὲν
439 2094 521 2143 οὐκ
548 2091 686 2156 οἶμαι.
728 2094 942 2162 φαίνεται
976 2095 1132 2144 τοίνυν
1166 2096 1191 2144 ὁ
1226 2095 1392 2145 τούτου
1427 2093 1567 2158 νόμος
1605 2096 1731 2146 ταῦτ’

218 2177 338 2243 ἔχων
379 2177 637 2245 ἀμφότερα.
681 2174 797 2227 ὥστ’
838 2177 964 2243 ε’ίπερ
1005 2179 1132 2239 ὑμῶν
1171 2177 1355 2247 ἑκάστῳ
1395 2178 1527 2242 μέλει
1571 2201 1615 2228 τι
1652 2181 1735 2242 τῆς

218 2260 456 2313 πολιτείας
495 2263 570 2310 καὶ
601 2263 693 2310 δεῖν
728 2260 868 2310 οἴεται
904 2262 1065 2325 κυρίαν
1101 2259 1215 2312 εἶναι
1253 2260 1338 2325 τὴν
1373 2263 1514 2313 αὑτοῦ
1541 2261 1734 2327 γνώμην

273 2404 292 2423 θ
311 2398 395 2442 μετὰ
414 2400 476 2431 τοῦ
495 2396 629 2442 πεῖσαι]
653 2399 851 2441 μεταπεῖσαι
874 2410 902 2431 r.
1042 2404 1060 2431 P
1080 2399 1268 2443 γέγραπται
1289 2397 1497 2432 F.S.Y.O.r.
1535 2398 1733 2443 Legebatur

218 2452 404 2497 γέγραφεν.
526 2456 544 2483 (ι
566 2450 601 2496 ἢ]
628 2451 679 2483 καὶ
701 2451 774 2484 F.v.
796 2456 830 2484 et
850 2456 1027 2485 correctus
1048 2451 1093 2485 O.
1219 2456 1233 2475 r
1253 2449 1270 2493 ἦ
1291 2449 1517 2494 μὴν-καίτοι
1538 2463 1607 2484 om.
1623 2463 1676 2496 pr.
1698 2463 1730 2485 v.

221 2509 236 2528 S
256 2506 342 2550 χρῆν
359 2505 394 2538 S.
426 2504 528 2548 ἐχρῆν
547 2504 665 2548 vulgO.
786 2503 800 2528 t
820 2503 938 2549 αὐτὸν]
963 2504 1063 2537 αὐτὸν
1083 2504 1307 2547 νομοθετῆσαι
1326 2504 1370 2547 μὴ
1390 2505 1584 2548 προστιμᾶν
1604 2504 1733 2547 δεσμὸν

219 2560 291 2592 τοῖς
308 2557 517 2591 καθιστῶσιν
537 2557 715 2602 ἐγγυητὰς,
737 2557 813 2600 οὐχὶ
833 2557 868 2591 δὲ
897 2558 980 2600 μετὰ
1001 2558 1061 2600 τὴν
1086 2556 1318 2603 προστίμησιν
1347 2558 1399 2591 καὶ
1427 2559 1638 2603 κατάγνωσιν
1666 2560 1734 2590 τῶν

219 2612 387 2645 δικαστῶν
405 2612 583 2653 τηνικαῦτα
603 2611 761 2643 κελεῦσαι
781 2610 835 2643 διὰ
854 2613 914 2643 τοῦ
931 2612 1034 2654 νόμου
1048 2612 1156 2644 ποιεῖν
1168 2611 1227 2653 τὴν
1242 2609 1404 2655 ἐγγύησιν
1418 2611 1502 2654 μετὰ
1518 2612 1577 2643 τὸν
1591 2610 1730 2653 δεσμὸν,

220 2663 238 2707 ἧ
259 2665 323 2708 μὴν
342 2662 488 2697 ἐκτίσειν
507 2662 681 2707 ἀφεῖσθαι.
712 2663 818 2696 καίτοι
838 2664 940 2708 ε’χρῆν
959 2665 1059 2698 αὐτὸν
1078 2677 1109 2697 v.
1141 2664 1237 2697 illato
1258 2664 1292 2696 iu
1312 2669 1448 2697 textum
1474 2664 1617 2703 scholio,
1638 2663 1733 2708 quod

221 2718 342 2751 iisdem
363 2716 434 2750 sere
454 2716 567 2750 verbis
587 2723 794 2760 conceptum
816 2717 943 2761 legitur
964 2717 998 2750 iu
1020 2717 1175 2763 margine
1198 2717 1238 2750 B.
1360 2722 1381 2740 ¹1
1402 2716 1563 2762 καθιστῇ]
1589 2717 1732 2759 καθίστη

224 2770 356 2805 S.Y.O.
490 2774 504 2790 V
525 2770 584 2802 τὸν
603 2768 748 2813 δεσμὸν]
772 2773 838 2802 τῶν
858 2771 993 2811 δεσμῶν
1008 2771 1109 2804 A.1·.s.
1240 2775 1258 2793 x
1279 2768 1488 2814 διατεθέντα]
1513 2769 1669 2803 διαθέντα
1690 2769 1729 2803 F.

222 2829 240 2857 y
260 2823 384 2868 ποιεῖν]
408 2824 499 2857 ποιεῖ
516 2834 543 2856 r.
655 2829 672 2847 Ζ
695 2821 914 2868 ἐξεγγύησιν]
938 2822 1101 2869 ε’γγύησιν
1121 2824 1155 2856 k.
1279 2828 1297 2847 ²³·
1316 2823 1415 2857 αὐτὸς
1434 2821 1580 2867 ἀφήσει]
1603 2821 1732 2866 ἀφήσει

221 2877 321 2911 αὐτὸς
341 2889 368 2909 r.
478 2872 497 2900 b
517 2876 576 2910 τὰς
595 2875 660 2908 ὑπὸ
679 2878 746 2908 τῶν
766 2874 819 2916 ὀμ.
840 2876 1001 2921 γνώσεις]
1025 2877 1085 2911 τὰς
1104 2879 1170 2909 τῶν
1189 2874 1244 2918 ὀμ.
1266 2877 1400 2920 γνώμας
1421 2876 1521 2909 Ams.
1543 2881 1577 2909 et
1598 2889 1653 2920 γρ.
1678 2875 1716 2909 F.
