1954 3273
229 169 313 211 560
773 175 1200 213 ΔΗΜΟΣΘΕΝΟΎΣ
1329 175 1410 213 On.
1433 174 1573 213 XXI.
1596 157 1637 229 ῥ.
1654 183 1752 228 532,
1769 187 1868 218 27—-

1547 291 1566 300 Α

229 284 484 352 συγκόψας
514 283 643 351 παρὰ
667 284 848 339 πάντας
881 285 988 338 τοὺς
1023 284 1191 349 νόμους
1228 287 1348 336 οὕτω
1382 290 1595 354 φανερως
1620 288 1745 338 Οδώ-

229 392 305 420 σει
340 369 502 434 δι’κην;
549 369 680 420 ἀλλὰ
717 369 810 433 μὴν
848 369 978 420 οὐδέν
1016 370 1112 420 ἐστ’
1148 368 1323 437 ὄφελος
1362 375 1518 424 καλῶς
1556 372 1630 420 καὶ
1665 374 1744 438 φι-

229 453 521 518 λανθρώπως
547 451 653 506 τοὺς
680 453 847 516 νόμους
874 452 987 518 ὑπὲρ
1012 457 1105 502 τῶν
1130 457 1331 503 πολλῶν
1357 457 1554 514 κεῖσθαι,
1582 457 1620 503 εὶ
1646 458 1742 505 τοῖς

230 537 478 587 ἀπειθοῦσι
516 539 591 586 καὶ
624 535 913 602 βιαζομένοις·
951 533 1118 588 αὐτοὺς
1146 536 1174 599 ἡ
1207 537 1315 602 παρ’
1345 537 1473 600 ὑμῶν
1500 535 1618 603 ὀργὴ
1649 540 1743 587 τῶν
1754 556 1836 601 533

230 621 298 670 ἀεὶ
324 620 493 684 κυρίων
519 619 583 683 μὴ
611 618 875 684 γενήσεται.

165 719 218 760 74
305 704 423 770 Φέρε
458 704 514 768 δὴ
544 703 662 770 πρὸς
699 707 815 754 θεῶν
850 705 1032 754 κάκεῖνο
1067 703 1337 772 σκέψασθε.
1391 702 1744 768 παραιτήσομαι

231 789 268 838 δ’
299 789 416 849 ὑμᾶς
449 787 592 852 μηδὲν
629 788 924 854 ἀχθεσθῆναί
955 810 1048 850 μοι,
1082 786 1161 837 ἐὰν
1195 789 1268 838 ἐπὶ
1302 791 1572 854 συμφοραῖς
1606 791 1745 837 τινῶν
1802 813 1806 816 ·

230 871 494 938 γεγονότων
533 872 799 934 Ρόνομαστὶ
844 874 1057 934 μνησθῶ·
1111 872 1200 921 ‘¹013
1244 870 1338 936 γὰρ
1376 871 1631 921 Υόνειδίσαι
1675 869 1772 934 μά5

230 954 336 1009 τοὺς
358 954 489 1009 θεοὺς
510 956 658 1006 οὐδενὶ
685 953 907 1020 δυσχερὲς
929 952 1060 1004 οὐδὲν
1078 953 1367 1017 βουλόμενος
1386 960 1524 1005 τοῦτο
1543 952 1743 1018 ποιήσω,

231 1039 363 1090 ἀλλὰ
398 1039 544 1107 δεῖξαι
582 1039 636 1089 τὸ
668 1037 915 1103 βιάζεσθαι
951 1039 1026 1088 καὶ
1058 1037 1290 1104 Ξὺβρίζειν
1325 1039 1401 1088 καὶ
1432 1037 1521 1089 τὰ
1554 1043 1746 1089 τοιαῦτα

168 1154 183 1184 s
166 1144 217 1186 5
230 1146 377 1174 ποιειν
422 1125 483 1176 ὡς
534 1120 734 1175 ἅπαντες
787 1124 911 1185 ὑμεῖς
956 1145 998 1172 οι
1049 1122 1193 1173 ἀλλοι
1241 1122 1453 1191 φεύγετε.
1535 1123 1746 1174 Σαννίων

231 1210 332 1258 ἐστὶ
366 1206 515 1271 δηπου
551 1229 619 1259 τις
654 1207 678 1256 ὁ
714 1204 820 1258 τοὺς
853 1228 1102 1270 τραγικούς
1133 1206 1300 1273 χοροὺς
1325 1205 1615 1257 “διδασκων·
1658 1206 1738 1257 οὗ·
1760 1229 1798 1250 ιο

230 1315 309 1345 τος
359 1291 638 1356 ἀστρατείας
690 1290 814 1340 ἑάλω
865 1313 941 1340 και
997 1289 1216 1357 κέχρηται
1266 1294 1509 1359 συμφορᾷ.
1581 1296 1746 1345 τοῦτον

230 1375 347 1438 μετὰ
390 1374 476 1439 τὴν
517 1376 712 1442 ἀτυχίαν
755 1374 929 1438 ταύτην
973 1373 1277 1437 ἐμισθώσατό
1320 1397 1388 1428 τις
1429 1381 1448 1400 x
1466 1379 1746 1441 φιλονεικῶν

231 1483 434 1528 χορηγος
497 1462 766 1557 τραγωδῶν,
821 1456 960 1522 οἶμαι,
1012 1465 1031 1492 y
1048 1458 1337 1524 Θεοζοτίδης.
1408 1456 1462 1509 τὸ
1525 1457 1610 1521 μὲν
1665 1459 1746 1509 οὖν

230 1549 418 1610 πρῶτον
452 1543 747 1608 ἠγανάκτουν
784 1547 824 1593 οἱ
864 1545 1199 1609 Ζάντιχορηγοὶ
1238 1544 1313 1592 καὶ
1352 1543 1585 1593 κωλύσειν
1623 1543 1742 1611 ἔφα·-

166 1642 218 1693 76
232 1651 341 1690 σαν,
368 1630 428 1681 ὡς
455 1629 492 1677 δ’
521 1627 774 1693 ἐπληρώθη
799 1626 853 1677 τὸ
881 1627 1075 1692 θέατρον
1101 1629 1177 1676 καὶ
1211 1625 1292 1676 τὸν
1322 1625 1468 1693 ὄχλον
1494 1634 1739 1692 συνειλεγ-
1762 1649 1797 1681 15

231 1714 370 1776 μένον
400 1710 520 1762 εἶδον
552 1713 627 1762 ἐπὶ
661 1710 743 1762 τὸν
769 1713 944 1776 ἀγῶνα,
971 1709 1204 1775 ὤκνησαν,
1231 1710 1409 1773 εἰἀσαν,
1437 1712 1583 1764 οὐδεὶς
1608 1712 1740 1780 ἥψα-

232 1819 302 1859 το,
325 1794 455 1845 ἀλλά
481 1801 710 1846 τοσοῦτον
735 1798 816 1858 τῆς
845 1794 1108 1855 3εὑσεβειάς
1135 1796 1182 1844 ἐν
1208 1793 1393 1863 ἑκάστῳ
1419 1817 1488 1848 τις
1514 1793 1571 1844 ἂν
1589 1793 1748 1858 ὒὺμῶν

233 1879 319 1930 ἰ’δοι
351 1878 760 1946 οσυγκεχωρηκὸς,
788 1876 911 1929 ὥστε
944 1877 1100 1929 πάντα
1136 1877 1218 1928 τὸν
1250 1877 1367 1940 μετὰ
1400 1884 1546 1929 ταῦτα
1576 1879 1747 1946 χρόνον

234 1963 442 2014 διδάσκει
481 1963 588 2016 τοὺς
627 1961 794 2030 χοροὺς
833 1964 908 2013 καὶ
947 1961 1050 2012 οὐδὲ
1088 1967 1182 2012 τῶν
1221 1963 1348 2012 ἰδίων
1385 1964 1565 2029 ἐχθρῶν
1602 1965 1800 2017 οὐδεὶςιο

167 2068 217 2108 77
235 2047 415 2098 κωλύει·
462 2046 478 2073 ‘¹
496 2050 686 2097 τοσοῦτ’
733 2046 896 2113 ἀπέχει
947 2050 1071 2096 θτῶν
1120 2051 1353 2113 χορηγῶν.
1418 2046 1570 2100 ἄλλος
1617 2049 1749 2098 ἐστὶν

233 2132 528 2197 Ἀριστείδης
556 2129 775 2193 Οἱνηίδος
802 2133 972 2198 φυλῆς,
999 2131 1240 2197 ἠτυχηκώς
1266 2153 1310 2181 τι
1337 2133 1414 2181 καὶ
1440 2132 1573 2185 οὗτος
1599 2138 1749 2183 τοιοῦ-

290 2261 307 2279 0
327 2256 430 2289 δώσει
453 2255 489 2289 S.
526 2255 565 2288 οὗ
586 2254 690 2287 δώσει
710 2254 827 2298 vulgo.
949 2259 968 2286 P
989 2253 1154 2298 ὀνομαστὶ
1174 2254 1350 2288 Reiskius.
1386 2253 1525 2296 ὀνόματι
1544 2255 1635 2290 libri.
1671 2254 1746 2290 ὄνο-

234 2309 340 2352 μαστὶ
360 2308 437 2351 περί
457 2322 555 2342 τινων
574 2307 764 2353 μεμνῆσθαι
785 2307 862 2340 libri
882 2319 1004 2341 onmes
1026 2320 1057 2353 p.
1077 2315 1163 2354 741,
1182 2307 1240 2342 28.
1311 2314 1325 2335 ‘l
1348 2308 1404 2354 οὐ]
1430 2309 1508 2342 οὐδὲ
1528 2321 1555 2342 r.
1627 2315 1642 2334 Γ
1660 2308 1747 2344 ὀνει-

235 2362 346 2408 δίσαι]
372 2361 527 2395 ὀνειδίσω
548 2367 574 2394 t.
673 2368 685 2385 S
707 2360 871 2405 ὑβρίζειν]
895 2361 932 2394 τὸ
954 2360 1100 2406 ὑβρίζειν
1120 2362 1290 2401 A.F.k.r.,
1311 2373 1382 2395 non
1405 2362 1441 2396 S.
1531 2361 1545 2386 t
1563 2361 1623 2407 τὰ]
1647 2363 1687 2396 τὸ
1705 2363 1748 2396 τὰ

235 2416 349 2449 A.k.r.
494 2420 513 2438 1¹
535 2413 720 2459 διδάσκων]
747 2414 951 2447 ἐκδιδάσκων
971 2426 1038 2449 ree.
1059 2415 1094 2448 k.
1225 2421 1239 2436 x
1261 2414 1479 2461 φιλονεικῶν]
1502 2416 1688 2460 φιλονικων
1709 2415 1745 2451 S.

234 2474 253 2502 Y
274 2467 491 2513 Θεοζοτίδης]
517 2467 735 2510 θεοσδοτὶτης
754 2472 780 2500 t.
817 2466 1016 2512 chebatur
1037 2466 1280 2510 Θεοσδοτίδης.
1315 2467 1355 2501 In
1379 2468 1415 2502 S.
1439 2465 1749 2512 θεοσζοτίδης,”εθ(ἰ

235 2534 334 2555 eraso
363 2535 386 2554 σ
416 2527 451 2555 et
480 2520 676 2565 subscripto
707 2521 808 2565 signo
840 2543 899 2560 ψ,
927 2533 997 2566 quo
1027 2521 1243 2566 significatur
1268 2519 1470 2564 θεοζοτίδης,
1498 2522 1592 2566 quod
1617 2534 1747 2556 nomen

236 2575 444 2617 Θεοζωτίδης
459 2587 520 2619 per
536 2589 561 2607 ω
582 2573 748 2618 seriptum
766 2574 800 2606 in
820 2574 917 2607 libris
936 2574 1078 2619 optimis
1099 2575 1191 2620 apud
1210 2575 1392 2608 Platonem
1408 2574 1559 2620 Apolog.
1577 2587 1612 2620 p.
1628 2586 1676 2621 33
1693 2576 1723 2609 E
1738 2589 1746 2610 ε

237 2629 297 2662 sed
317 2640 379 2674 per
400 2642 417 2659 0
437 2628 472 2661 iu
494 2628 595 2661 inser.
618 2627 734 2660 Attica
753 2639 808 2672 ap.
832 2628 986 2662 Boeckh.
1007 2628 1077 2663 vol.
1098 2639 1129 2661 1.
1151 2640 1184 2673 p.
1201 2638 1290 2673 307,
1309 2638 1371 2673 39.
1469 2633 1486 2652 Ζ
1506 2627 1742 2675 ἀντιχορηγοὶ]

235 2681 453 2726 ἁντιχόρηγοι
473 2682 584 2715 A.k.l·.
657 2686 675 2704 a
695 2679 888 2726 εὐσεβείας]
915 2681 1110 2726 εὐεργεσίας
1131 2682 1174 2715 Ο.
1246 2677 1264 2705 b
1288 2681 1377 2723 ὑμῶν
1397 2692 1466 2715 0111.
1485 2694 1511 2715 s.
1587 2686 1603 2706 ⁰
1623 2695 1745 2727 συγκε-

235 2735 404 2780 χωρηκὸς]
429 2735 467 2768 τὸ
489 2734 747 2780 συγκεχωρηκὸς
766 2734 878 2768 A.k.1·.
910 2735 949 2767 τὸ
970 2747 1074 2780 supra
1093 2747 1230 2768 versum
1251 2735 1355 2768 habet
1377 2734 1418 2768 B.
1549 2730 1568 2758 (Ῑ
1586 2734 1742 2782 τοσοῦτ’]

1090 2797 1125 2815 ου

235 2823 403 2854 τοσοῦτον
421 2835 476 2865 γρ.
499 2820 535 2854 S.
693 2824 708 2843 e
728 2822 795 2853 τῶν
815 2822 972 2865 χορηγῶν
993 2821 1027 2854 S.
1063 2824 1129 2854 τῶν
1147 2822 1303 2866 χορηγῶν
1322 2820 1411 2855 τινὸς
1429 2819 1589 2865 ἅψασθαι
1610 2820 1647 2855 F.
1679 2823 1747 2854 τῶν

234 2877 392 2919 χορηγῶν
412 2874 500 2908 τινὸς
522 2872 681 2918 ἅψασθαι
701 2878 726 2906 t.
767 2874 826 2905 τοῦ
852 2876 918 2906 τῶν
944 2876 1100 2919 χορηγῶν
1127 2875 1217 2909 τινὸς
1241 2873 1400 2918 ἅψασθαι
1422 2873 1464 2907 Y.
1504 2876 1565 2907 τοῦ
1591 2876 1748 2920 χορηγῶν

235 2928 326 2962 τινὸς
347 2926 507 2972 ἅψασθαι
528 2927 656 2961 P.O.k.
680 2931 714 2959 ct
735 2933 910 2959 correctus
931 2939 962 2960 v.
1001 2929 1061 2960 τοῦ
1084 2928 1232 2972 χορηγὸν
1251 2927 1342 2962 τινὸς
1361 2926 1520 2971 ἅψασθαι
1540 2927 1644 2961 A.r.s.
1686 2929 1747 2960 τοῦ

235 2981 294 3013 τὸν
314 2981 464 3025 χορηγὸν
483 2981 572 3015 τινὸς
593 2979 759 3013 ἅπτεσθαι
780 2994 832 3024 γρ.
857 2980 890 3012 S.
