1954 3273
183 168 269 210 846
442 176 696 214 ΔΗΜΟΣΘ.
730 176 873 213 ΚΑΤΑ
906 175 1145 213 ΑΡΙΣΤΟΓ.
1178 176 1222 212 Β.
1284 172 1367 211 On.
1387 169 1567 210 XXVI.
1591 141 1830 215 8}>8‚1⁵--24.

184 283 416 350 εὑρήμασι
454 286 783 348 καταπαύεται,
810 285 893 340 τὰς
920 287 956 337 δ’
986 287 1034 336 ἐν
1069 291 1169 339 ταῖς
1207 289 1386 353 ψυχαῖς
1424 282 1702 350 ἀγριότητας
1721 308 1756 338 15

185 372 232 419 αἱ
256 373 351 419 τῶν
377 375 642 433 νομοθετῶν
666 370 926 439 ἐξορίζουσι
953 369 1163 420 διάνοιαι.
1210 369 1332 423 ὅλως
1359 370 1397 419 δ’
1425 367 1574 419 Ῑοὺδὲν
1600 368 1702 418 οὔτε

186 452 364 516 σεμνὸν
390 456 493 505 οὔτε
519 457 778 505 σπουδαῖον
805 463 832 481 ‘¹‘
845 453 1115 520 εὑρήσομεν,
1153 451 1177 503 ὃ
1213 452 1277 516 μὴ
1315 452 1457 515 νόμου
1493 453 1703 502 κεκοινώ-

119 547 170 587 3Ῑ
188 559 336 601 νηκεν,
376 539 472 588 ἐπεὶ
514 541 589 588 καὶ
633 537 716 588 τὸν
758 537 873 588 ὅλον
913 536 1096 600 κόσμον
1141 539 1215 587 καὶ
1255 536 1314 587 τὰ
1359 541 1457 586 θεῖα
1503 538 1577 586 καὶ
1620 535 1705 588 τὰς

187 620 477 683 καλουμένας·
503 619 627 686 ὥρας
662 620 801 685 νόμος
838 623 913 671 καὶ
938 620 1085 689 τάξις,
1111 625 1148 671 εἰ
1173 619 1264 687 χρὴ
1291 625 1416 674 “τοῖς
1455 619 1702 685 ὁρωμένοις·

184 704 434 767 πιστεύειν,
478 708 660 755 διοικεῖν
705 707 934 772 φαίνεται.
995 705 1414 771 παρακαλέσαντες·
1459 705 1540 754 οὖν
1584 705 1699 766 ὑμᾶς
1713 730 1754 751 20

185 788 364 851 αὐτοὺς,
393 787 455 838 οῶ
481 789 645 855 ἄνδρες
670 791 925 854 Ἀθηναῖοι,
957 787 1229 852 βοηθήσατε
1278 786 1362 850 μὲν
1395 792 1492 840 τοῖς
1529 785 1698 849 νόμοις,

186 874 600 941 καταψηφίσασθε
638 873 686 924 δὲ
720 878 813 924 τῶν
847 879 908 928 εὶς
946 873 1000 924 τὸ
1028 877 1151 923 θεῖον
1177 874 1368 933 ἀσεβεῖν
1394 871 1695 939 ρπροῃρημέ-

186 980 294 1008 νων.
355 959 431 1007 καὶ
469 958 592 1007 ταῦτ’
618 956 697 1007 ἐὰν
726 957 952 1025 πράξητε,
978 955 1037 1007 τὰ
1071 956 1234 1007 δέοντα
1269 954 1490 1019 ποιήσετε
1526 958 1601 1005 καὶ
1642 954 1701 1005 τὰ

186 1040 417 1107 κράτιστα
443 1044 745 1109 (Ῑψηφιεῖσθε.

239 1168 249 1196 l
270 1172 368 1205 οὐδέν
387 1171 423 1205 iu
444 1183 552 1217 marg.
574 1183 594 1204 a
614 1183 660 1204 111.
683 1183 734 1216 pr.
750 1171 857 1204 habet
879 1171 913 1205 S.
984 1177 1014 1195 m
1035 1169 1239 1215 εὑρήσομεν]
1263 1169 1466 1215 εὑρὴσαιμεν
1484 1170 1520 1205 S.
1594 1174 1607 1189 ¹¹
1630 1172 1701 1206 τοῖς

185 1238 256 1260 Om.
279 1238 330 1270 pr.
352 1226 386 1259 k.
542 1230 557 1245 υ
576 1220 601 1257 ὦ
624 1236 694 1259 om.
715 1223 921 1259 A.S.O.v.k.
1074 1230 1093 1257 P
1113 1223 1371 1269 προῃρημένων]
1396 1222 1643 1268 προειρημένων
1663 1224 1697 1258 k.

183 1318 202 1344 q
224 1312 435 1358 ψηφιεῖσθε]
461 1311 671 1356 ψηφίσεσθε
691 1313 764 1346 F.v.
815 1312 857 1346 In
879 1312 913 1346 S.
935 1312 1170 1357 subscriptum
1191 1278 1414 1345 ANTEBAS.
1446 1310 1487 1344 de
1511 1322 1581 1355 quo
1610 1310 1698 1344 (Ιίχί-

184 1377 262 1400 mus
283 1366 317 1399 iu
338 1366 556 1412 praefatione.
