1954 3273
55 154 212 206 —640‚
231 170 283 200 27.
627 157 769 195 ΚΑΤΑ
802 156 1261 196 ΑΡΙΣΤΟΚΡΑΤΟΎΣ.
1621 151 1697 194 67]

238 269 365 314 τόνδε,
397 266 419 319 ἢ
450 267 726 318 1(μεταποιήσῃ
758 266 888 313 αὐτὸν,
923 267 1060 317 ἄτιμον
1091 264 1218 306 ιεἶναι
1253 265 1314 305 καὶ
1346 273 1377 292 ¹¹¹
1390 267 1530 306 παῖδας
1563 265 1625 304 καὶ
1656 267 1704 304 τὰ

241 337 402 376 ἐκείνου.

254 411 524 462 Ἠκούσατε
577 418 596 437 “
615 411 700 473 μὲν
753 416 835 461 τοῦ
888 409 1032 473 νόμου
1083 408 1342 474 ολέγοντος
1390 407 1620 472 ἄντικρυς,
1668 404 1730 459 ⁶35

182 494 375 561 Ρὸίνδρες
399 496 654 558 Ἀθηναῖοι,
682 492 731 547 ὃς
766 493 823 544 ἂν
857 494 1016 560 ἄρχων
1054 492 1081 557 ἢ
1119 492 1302 556 ἰδιώτης
1337 491 1480 543 α’ίτιος
1507 487 1567 557 Ἷῇ
1594 488 1705 540 Γτὸν

183 578 363 642 θεσμὸν
401 580 695 644 συγχυθῆναι
733 576 880 638 τόνδε,
916 575 945 640 ὴ
983 575 1299 642 εμεταποιήσῃ
1334 572 1510 636 ῒαύτὸν,
1541 573 1703 636 ἄτιμος

114 663 342 723 71“ε”στω
381 664 456 712 καὶ
495 665 536 711 οἱ
573 663 733 714 παῖδες
766 664 873 710 Χκαὶ
914 658 972 710 τὰ
1007 660 1195 710 ἐκείνου.
1251 657 1320 724 ἆρ’
1350 659 1431 709 οὖν
1468 655 1639 722 μικρὰν
1671 655 1700 720 ἢ

181 745 371 812 φαύλην
397 744 621 811 πρόνοιαν
646 752 665 780 5
676 744 795 811 ἔχειν
830 745 935 805 ὑμῖν
962 744 986 793 ὁ
1014 745 1106 797 θεὶς
1132 742 1214 794 τὸν
1241 741 1385 806 νόμον
1411 745 1547 803 δοκεῖ,
1573 740 1699 794 ὅπως
1714 768 1751 789 10

179 829 332 894 κύριος
372 830 507 880 ἔσται
547 831 622 879 καὶ
659 827 777 893 μήτε
815 827 1172 894 συγχυθήσεται
1209 826 1317 890 μήτ’
1353 826 1410 876 αὖ
1447 847 1699 888 μεταποιη-

178 912 409 976 θήσεται,
459 915 573 963 ἀλλ’
614 911 987 978 Ἀριστοκράτης
1026 913 1189 962 οὑτοσὶ
1227 918 1244 936 ²
1255 908 1397 976 μικρὰ
1437 909 1699 978 φροντίσας

177 997 355 1046 θαύτοῦ
401 1001 646 1060 μεταποιεῖ
690 997 765 1046 καὶ
811 1000 998 1062 συγχεῖ.
1065 996 1113 1046 τί
1152 994 1246 1061 γὰρ
1291 995 1417 1045 ἄλλο
1461 991 1600 1044 ὃέστὶ
1644 993 1698 1043 τὸ

176 1084 443 1140 μεταποιεῖν
477 1078 506 1143 ἢ
541 1079 654 1129 ὅταν
688 1079 779 1147 ἔξω
813 1083 907 1129 τῶν
942 1078 1236 1143 τεταγμένων
1272 1077 1586 1142 δικαστηρίων
1621 1078 1697 1126 καὶ

177 1160 311 1227 ὅρων,
338 1159 402 1212 ὧν
437 1162 677 1228 εἴργεσθαι
711 1165 816 1223 οδεῖ,
852 1163 963 1230 διδῷ
999 1184 1067 1215 τις
1105 1160 1189 1214 τὰς
1226 1162 1461 1226 τιμωρίας,
1499 1162 1575 1210 καὶ
1609 1157 1742 1218 ᾶτὸι5

175 1245 325 1311 λόγου
369 1251 524 1313 τυχεῖν
569 1248 771 1312 ἀναιρῶν
816 1245 1029 1298 ἐκδότους
1078 1248 1220 1312 ποιῇς
1273 1245 1322 1294 τί
1362 1245 1398 1294 δ’
1440 1244 1567 1293 ἄλλο
1607 1241 1693 1294 Ετὸ

175 1335 372 1397 συγχεῖν
398 1328 425 1394 ἢ
453 1330 565 1381 ὅταν
592 1330 700 1398 ἑξῆς
732 1331 909 1380 οὑτωσὶ
941 1329 1098 1381 πάντα
1135 1329 1357 1380 τάναντία
1390 1333 1484 1379 τῶν
1519 1330 1567 1378 ἐν
1598 1333 1694 1382 τοῖς

177 1413 333 1477 νόμοις·
357 1437 427 1468 τις
451 1413 807 1480 Ῑγεγραμμένων
832 1413 1026 1482 γράψῃς

111 1512 163 1554 72
250 1499 325 1548 Οὐ
350 1499 505 1549 τοίνυν
527 1497 745 1551 ἕτούτους
769 1497 915 1561 μόνον
934 1496 1040 1550 τοὺς
1067 1494 1248 1559 νόμους,
1269 1493 1306 1546 (ἶ)
1330 1495 1520 1563 11ἄνδρες
1547 1500 1692 1561 Ἀθη-

173 1585 303 1642 ναῖοι,
341 1581 684 1647 παραβέβηκεν,
725 1580 856 1632 ἀλλὰ
902 1583 978 1632 καὶ
1022 1580 1200 1633 ἄλλους
1243 1578 1458 1633 πολλοὺς
1497 1580 1575 1633 οὓς
1613 1579 1743 1631 i01320

171 1664 607 1730 παραγεγράμμεθα
663 1664 739 1716 διὰ
794 1665 849 1715 τὸ
911 1667 1109 1728 πλῆθος.
1177 1665 1287 1714 ἀλλ’
1341 1665 1388 1714 ἐν
1445 1666 1690 1735 κεφαλαίῳ

557 1746 577 1773 k

172 1747 316 1811 λέγω·
360 1747 530 1798 ὁπόσοι
587 1747 719 1811 νόμοι
753 1750 859 1813 περὶ
891 1752 986 1798 τῶν
1013 1751 1218 1815 φονικῶν
1245 1749 1559 1813 δικαστηρίων
1585 1751 1689 1812 εἰσὶ,

173 1834 422 1880 καλεῖσθαι
457 1831 673 1896 λέγοντες
703 1830 732 1896 ἢ
767 1835 1017 1897 μαρτυρεῖν
1047 1830 1075 1894 ἢ
1104 1829 1383 1893 διόμνυσθαι
1415 1831 1521 1884 τοὺς
1556 1834 1684 1897 ἀγω-

848 1913 858 1940 l

174 1912 430 1978 νιζομένους
464 1912 492 1978 ἢ
529 1915 637 1964 ἄλλ’
668 1915 821 1965 ὁτιοῦν
868 1914 1260 1979 προστάττοντες,
1286 1913 1510 1968 ΠῙποὶντας
1544 1916 1683 1981 ὑπερ-

171 1996 346 2059 βέβηκε
384 1997 573 2051 τούτους
614 2000 689 2048 καὶ
732 2002 882 2049 πᾶσιν
921 1998 1127 2048 ἐναντίον
1165 1997 1313 2063 εἴρηκε
1357 1996 1411 2048 τὸ
1450 1998 1688 2066 ψήφισμα
1700 2029 1738 2061 25

617 2089 635 2107 n

173 2080 315 2130 τουτί.
376 2080 430 2130 οὗ
479 2080 572 2147 γὰρ
652 2082 705 2131 οὐ
755 2084 976 2144 οκλῆσις,
1021 2081 1074 2131 οὐ
1124 2082 1357 2147 μαρτυρία
1405 2082 1688 2145 συνειδότος,

171 2163 225 2212 οὑ
281 2165 524 2227 διωμοσία,
576 2166 686 2215 ἀλλ’
740 2166 817 2216 ἀπ’
869 2165 1017 2218 αἰτίας
1073 2164 1207 2218 εὐθὺς
1264 2165 1291 2228 ἡ
1349 2166 1545 2231 τιμωρία
1601 2165 1684 2231 γε’-

224 2295 245 2322 k
265 2298 493 2345 μεταποιήσῃ]
516 2299 741 2343 μεταποιήσοι
759 2301 795 2334 k.
889 2297 900 2325 Ῑ
920 2297 1019 2346 εἶναι]
1044 2301 1142 2334 ἕσται
1160 2313 1188 2334 r.
1277 2306 1308 2324 m
1327 2300 1594 2335 παῖδας-ἔστω
1614 2313 1683 2337 om.

171 2363 199 2385 r.
237 2351 342 2390 Quod
360 2358 440 2397 post
458 2353 579 2387 παῖδας
598 2353 755 2387 additum
775 2359 849 2387 erat
867 2353 1004 2398 ἀτίμους
1024 2354 1135 2388 delevi
1154 2366 1234 2388 cum
1256 2353 1444 2388 Schaefero.
1584 2360 1604 2378 n
1622 2356 1685 2398 μὲν

171 2416 242 2439 om.
264 2406 370 2439 A.r.s.
448 2411 466 2430 0
485 2407 647 2451 λέγοντος
666 2412 746 2441 ante
767 2405 802 2442 ὃς
822 2408 921 2441 kaw.
1004 2413 1024 2440 P
1044 2407 1162 2452 ἄνδρες
1181 2419 1250 2442 om.
1271 2420 1304 2442 V.
1391 2412 1406 2434 (Ι
1427 2403 1464 2452 ff]
1488 2405 1506 2450 ἦ
1528 2406 1546 2450 ἢ
1566 2408 1601 2441 k.
1623 2409 1684 2454 qm'

170 2455 276 2493 αἴτιος
294 2454 315 2501 ᾗ
333 2463 413 2504 post
431 2459 528 2493 τόνδε
546 2459 657 2504 ponit.
783 2467 797 2486 Γ
816 2460 1033 2494 τὸν-αὐτὸν
1052 2473 1121 2494 om.
1143 2474 1170 2495 s.
1292 2466 1306 2485 S
1326 2459 1558 2505 μεταποιήσῃ]
1581 2475 1683 2504 μετα-

170 2509 309 2553 ποιήσοι
327 2511 362 2544 k.
467 2514 477 2534 t
497 2512 615 2558 αὐτὸν]
637 2512 736 2548 αὐτὸς
756 2525 789 2547 V.
901 2518 922 2537 υ
941 2513 1048 2559 ἔστω]
1072 2514 1170 2547 ἔσται
1188 2514 1233 2548 Y.
1346 2520 1363 2536 Χ
1384 2514 1437 2547 καὶ
1456 2513 1514 2558 τὰ]
1539 2515 1571 2547 οἱ
1590 2515 1632 2548 τὰ
1650 2527 1680 2550 r.

171 2581 190 2609 Υ
209 2578 299 2621 ἔχειν
319 2578 412 2624 ὑμῖν]
437 2580 526 2624 ἔχειν
545 2579 622 2623 ἡμῖν
640 2581 676 2615 k.
706 2580 783 2624 ἡμῖν
801 2582 892 2625 ἔχειν
909 2593 943 2616 v.
976 2582 1051 2626 ὑμῖν
1069 2584 1159 2627 ἔχειν
1179 2583 1218 2617 F.
1327 2590 1342 2608 Ζ
1363 2583 1479 2628 μικρὰ]
1504 2565 1622 2629 μικρὲιν
1642 2583 1680 2616 F.

171 2631 289 2675 μικρὸν
307 2630 430 2666 A.O.s.
460 2635 580 2677 μικροῦ
599 2645 627 2667 r.
730 2639 748 2658 a
767 2634 887 2679 αὐτοῦ]
912 2635 1014 2669 αὐτὸν
1032 2636 1068 2669 k.
1166 2633 1182 2660 b
1206 2636 1297 2682 ἐστὶ]
1323 2637 1420 2670 ἔσται
1439 2637 1476 2670 k.
1575 2641 1590 2660 0
1611 2635 1678 2681 δεῖ]

170 2682 240 2716 δεῖν
259 2683 303 2717 Y.
413 2681 433 2709 d
452 2686 491 2718 τὸ
510 2686 634 2731 λόγου]
659 2686 698 2720 τὸ
717 2688 777 2720 τοῦ
795 2688 902 2732 λόγου
921 2699 948 2721 r.
1074 2693 1089 2713 e
1108 2691 1148 2722 τὸ
1168 2701 1236 2723 om.
1257 2702 1283 2724 r.
1409 2686 1424 2713 f
1441 2689 1682 2734 γεγραμμένων

169 2736 305 2782 γράφῃ]
328 2739 580 2782 γεγραμμένους
598 2739 746 2784 γράφειν
763 2751 793 2775 r.
865 2745 885 2773 g
903 2739 1044 2776 τούτους
1063 2733 1182 2789 μόνον]
1206 2743 1310 2786 μόνον
1324 2740 1465 2777 τούτους
1479 2754 1512 2776 v.
1583 2739 1602 2765 h
1623 2741 1680 2774 ἅν-

168 2787 246 2832 δρες
265 2800 334 2823 om.
355 2790 435 2824 ΑΝ.
529 2788 539 2815 i
558 2791 597 2824 οὐ
617 2803 686 2825 om.
702 2792 744 2826 Y.
766 2797 801 2826 et
820 2804 873 2838 pr.
891 2792 973 2827 O.k.
1064 2792 1081 2816 k
1102 2795 1215 2841 νόμοι]
1241 2796 1342 2840 φόνοι
1361 2808 1390 2829 r.
1474 2791 1486 2819 Ῑ
1504 2795 1681 2839 προστάτ-

168 2853 285 2876 τοντες
303 2842 390 2876 A.B.
413 2843 471 2886 (de
490 2844 616 2889 quibus
644 2844 755 2878 tacuit
775 2846 952 2891 Reiskius)
974 2847 1113 2894 aliique.
1148 2849 1397 2894 προτάττοντες
1415 2848 1458 2882 Υ.
1500 2848 1680 2892 προστάσ-

170 2906 290 2929 σοντες
308 2895 426 2941 vulgo.
560 2902 591 2921 m
610 2898 752 2944 πάντας]
777 2897 926 2934 ἅπαντας
945 2900 972 2933 F
977 2899 1032 2935 .O.
1171 2907 1191 2926 ¹¹
1211 2901 1267 2948 οὐ]
1292 2901 1310 2944 ἡ
1331 2914 1360 2936 1·-
1500 2906 1518 2926 ⁰
1538 2900 1676 2947 xxflms]

168 2946 371 2982 Addebatur
391 2949 430 2983 οὐ
450 2949 571 2995 κρίσις.
611 2950 750 2985 Delevit
769 2951 944 2987 Reiskius.

228 3022 321 3049 voL.
341 3023 390 3049 11.
918 3028 940 3054 C
963 3029 984 3054 C
