1954 3273
207 161 291 200 804
729 158 1189 215 [ΔΗΜΟΣΘΕΝΟὙΣ]
1293 160 1376 199 On.
1395 158 1548 199 XXV.
1568 171 1609 212 p.
1628 157 1726 209 768,
1742 168 1839 196 26—-

207 273 426 309 Πποιούντων
451 274 582 320 ἄτιμον.
626 276 744 321 διόπερ
772 276 874 309 αὐτὸν
901 276 932 309 οἱ
960 275 1037 320 περὶ
1066 276 1260 319 Λυκοῦργον
1288 273 1454 317 ἐνέδειξαν
1482 272 1526 307 ὡς
1553 272 1613 306 οὐκ
1641 272 1719 316 ἐξὸν

240 336 248 346 r
429 338 437 350 s
499 339 506 350 2
691 340 698 349 a
833 337 840 349 Ι
937 338 944 349 ι
1002 337 1011 348 5
1111 339 1119 349 ι
1232 335 1241 347 9
1420 336 1427 347 l
1575 334 1583 346 θ
1633 333 1642 346 1
1670 336 1686 347 ,ν

204 339 361 384 λεγοντα.
402 353 461 372 ουκ
489 340 757 383 εξαληλιμμενου
785 352 899 371 τοινυν
927 339 965 382 εξ
991 339 1206 382 ακροπολεως
1244 342 1538 381 Αριστογειτονος,
1565 336 1631 368 αλλ
1669 348 1717 368 ετι

206 403 266 434 τοῦ
299 400 530 446 Οόφλήματος
568 401 850 448 ἐγγεγραμμένου,
888 400 1043 446 χρήστου
1081 400 1117 434 δέ
1154 401 1383 435 καταστάντος
1418 400 1479 433 τοῦ
1516 399 1555 432 τὸ
1592 398 1717 443 χωρίον
1887 315 1920 474 ξ

205 465 434 509 ὠνησαμένου,
455 465 581 509 ζήτημα
607 464 809 499 συνίσταται
834 466 978 510 πότερον
1003 466 1021 497 ὁ
1045 465 1226 508 πριάμενος
1249 464 1287 496 τὸ
1312 460 1439 508 χωρίον
1461 461 1595 513 ὀφείλει
1613 462 1716 505 μόνον
1730 459 1811 512 769

206 527 224 571 ἢ
250 530 303 562 καὶ
331 530 349 562 ὁ
377 532 511 574 πρῶτος
536 528 702 574 Ρόφλὼν,
730 528 841 573 (ὶᾶχρι
869 525 909 561 ἂν
938 527 1076 570 ἐκτισθῇ
1104 527 1144 560 τὸ
1171 527 1282 571 χρέος.
1325 527 1402 570 περὶ
1428 526 1490 569 μὲν
1517 525 1557 567 δὴ
1585 524 1628 558 τὰ
1656 523 1715 558 δύο

204 590 388 636 ὀφλήματα
425 594 526 626 τοῦτο
564 592 764 625 συνίσταται
800 591 839 625 τὸ
873 589 1009 634 ζήτημα·
1051 591 1142 635 φασὶ
1175 590 1211 623 δέ
1244 589 1346 623 αὐτὸν
1379 589 1411 621 οἶ
1446 587 1626 634 κατήγοροι
1663 588 1744 625 kalf>

203 654 319 700 τρίτον
346 654 527 699 Ῑ’ὀφείλειν
555 653 697 700 ι’)’φλημα
729 656 777 701 τῷ
808 653 972 701 δημοσίῳ.
1015 654 1100 699 πρὸς
1131 656 1233 687 τοῦτο
1262 651 1527 698 Ἀριστογείτων
1554 651 1712 686 ἀνθιστά-

201 732 301 761 μενος
334 719 443 763 φησὶν
472 718 592 753 ἀδίκως
624 718 857 763 ἐγγεγράφθαι
889 719 941 751 καὶ
972 718 1026 751 διὰ
1060 720 1161 751 τοῦτο
1192 717 1284 760 δίκην
1313 719 1432 761 λαχεῖν
1460 716 1641 761 Ἀρίστωνι
1670 719 1717 763 τῷ

202 780 426 826 ἐγγράψαντι.
467 781 686 825 Δημοσθένης
710 781 747 815 δέ
776 782 829 814 καὶ
855 784 1046 827 Λυκοῦργος
1070 782 1148 826 περὶ
1175 781 1236 824 μὲν
1261 783 1322 814 τοῦ
1347 778 1517 814 δικαίαν
1500 794 1519 822 η
1545 779 1590 822 μὴ
1615 794 1712 825 γεγε-

202 845 323 888 νῆσθαι
355 845 416 888 τὴν
445 845 650 890 ἓέγγραφὴν
681 844 778 877 οὐδέν
806 845 962 889 λέγουσι,
993 844 1084 888 φασὶ
1113 844 1188 877 δὲ(
1196 843 1298 877 ὀταν
1328 843 1393 886 ἕλῃ
1423 844 1481 876 τὸν
1508 842 1710 887 Ἀριστωνα,
1729 852 1767 872 10
1893 809 1918 1029 ς

202 913 223 925 “
245 909 323 942 τότε
360 907 623 954 Ἀριστογείτων
664 909 726 952 μὲν
765 907 1063 952 ἐξαλειφθήσεται,
1103 907 1226 942 ἐκεῖνος
1262 907 1297 941 δέ
1335 905 1592 952 ἐγγραφήσεται
1631 907 1713 940 κατὰ

202 976 226 990 “
246 973 305 1006 τὸν
343 974 456 1016 νόμον·
497 973 576 1017 πρὶν
609 973 645 1006 δὲ
678 973 827 1017 κριθῆναι
864 972 904 1005 τὸ
937 973 1087 1017 πρᾶγμα,
1121 971 1160 1004 οὐ
1193 969 1358 1015 προσήκει
1389 969 1502 1014 λέγειν
1535 970 1593 1003 τὸν
1625 971 1713 1014 τάχα

202 1041 223 1054 ¹¹
246 1034 404 1070 tsstxcu'ws
441 1036 714 1082 ἐγγεγραμμένον
751 1036 803 1069 καὶ
840 1035 979 1080 ψευδῶς
1016 1035 1223 1080 ἐγκαλοῦντα
1260 1036 1308 1081 τῷ
1344 1031 1556 1078 Ἀρίστωνι.”
1607 1035 1712 1067 ταῦτα

198 1099 260 1143 μὲν
292 1099 332 1142 δὴ
365 1100 407 1133 τὰ
441 1099 608 1143 ζητήματα
646 1100 703 1142 τῆς
737 1097 942 1133 ὑποθέσεως.
992 1098 1212 1143 ἐνηγώνισται
1250 1096 1277 1131 δ’
1309 1097 1422 1132 αὐτοῖς
1456 1098 1474 1130 ὁ
1507 1099 1710 1143 Λυκοῦργος,
1730 1106 1763 1136 15

197 1161 257 1196 ἅτε
281 1164 447 1208 πρότερος
473 1162 594 1208 λέγων’
627 1165 675 1210 τῷ
701 1163 911 1207 Δημοσθένει
938 1163 973 1196 δὲ
999 1163 1077 1207 περὶ
1102 1162 1163 1205 μὲν
1188 1159 1316 1194 τούτων
1341 1161 1474 1206 βραχὺς
1498 1175 1584 1194 πανυ
1609 1162 1713 1206 λόγος

196 1229 336 1273 γε’γονεν
362 1227 406 1263 ὣς
428 1216 746 1273 3προειλημμένων,
773 1229 790 1260 ὁ
817 1228 852 1261 δέ
879 1226 959 1262 ὅλος
984 1227 1074 1273 αὐτῷ
1102 1224 1206 1270 λόγος
1231 1226 1291 1258 τοῦ
1316 1223 1609 1270 Ἀριστογείτονος
1633 1225 1713 1266 βίου

197 1290 399 1337 κατηγορίαν
419 1291 580 1337 περιέχει.

252 1354 433 1390 Διονύσιος
451 1355 487 1388 δέ
507 1356 525 1387 ὁ
545 1354 840 1399 ΨΑλικαρνασεὺς
859 1355 898 1388 οὐ
919 1355 1052 1398 δέχεται
1072 1351 1213 1388 τούτους
1233 1353 1311 1388 τοὺς
1330 1354 1454 1398 λόγους
1473 1352 1711 1396 Δημοσθένους
1725 1360 1765 1382 20

197 1416 292 1458 εἶναι,
317 1419 352 1452 ἐκ
377 1419 435 1461 τῆς
464 1419 554 1453 ἰδέας
581 1419 850 1463 τεκμαιρόμενος.
892 1419 922 1451 οἱ
950 1417 987 1451 δέ
1016 1418 1126 1462 φασιν
1151 1417 1304 1460 ἐπίτηδες
1328 1417 1388 1450 τὸν
1411 1415 1539 1461 ῥήτορα
1568 1414 1711 1462 τοιούτῳ

195 1483 381 1528 χαρακτῆρι
413 1482 610 1527 κεχρῆσθαι,
642 1483 840 1525 ζηλώσαντα
869 1483 1064 1527 Λυκοῦργον
1092 1481 1362 1525 Ζεύδοκιμοῦντα
1394 1481 1485 1526 παρὰ
1514 1482 1585 1516 τοῖς
1611 1479 1709 1523 Ἀθη-

196 1545 310 1581 ναίοις.
348 1547 380 1579 οἱ
408 1545 458 1586 δέ,
487 1545 601 1589 ἐπειδὴ
629 1546 742 1579 ἓὶκατιῗι
770 1546 829 1579 τὸν
858 1547 917 1588 τῆς
944 1545 1074 1588 ἡλικίας
1101 1547 1224 1590 χρόνον
1251 1545 1311 1589 τὴν
1339 1545 1576 1591 πρωτολογίαν
1603 1545 1710 1585 ἔλαβε
1725 1554 1762 1586 ²5

196 1611 390 1655 Λυκοῦργος
417 1610 469 1643 καὶ
500 1610 586 1643 πᾶσι
614 1610 686 1643 τοῖς
714 1608 911 1653 κεφαλαίοις
939 1604 1071 1643 bain-(¹25
1099 1607 1283 1653 ἐχρήσατο,
1313 1609 1331 1641 ὁ
1361 1608 1577 1652 Δημοσθένης
1606 1606 1707 1653 ἠναγ-

195 1673 304 1717 κάσθη
337 1673 461 1707 λοιπὸν
491 1672 783 1717 φιλοσοφώτερον
814 1672 991 1716 μετελθεῖν
1022 1672 1074 1706 καὶ
1105 1672 1312 1718 περιοδικῶς.
1357 1672 1460 1706 ἄλλοι
1491 1672 1527 1706 δέ
1557 1672 1618 1706 τὸν
1648 1672 1711 1716 μὲν

196 1738 390 1783 θπρότερον
416 1736 573 1780 δέχονται
599 1730 839 1779 Δημὸσθένους
864 1731 958 1775 εἶναι,
979 1735 1039 1769 τὸν
1064 1735 1100 1769 δέ
1127 1734 1284 1781 δεύτερον
1309 1736 1474 1780 οὐδαμῶς,
1497 1736 1594 1770 οὐδὲν
1615 1735 1805 1785 ἅξιον770

195 1801 318 1845 ἔχοντα
336 1802 397 1834 τοῦ
414 1799 567 1845 ῥήτορος.

200 1895 458 1968 ΠΑΛΑΙ
512 1914 782 1978 καθήμενος,
828 1912 865 1964 (3
916 1907 1078 1980 ἄνδρες
1123 1912 1390 1976 ‘wama-ra),
1435 1915 1511 1963 καὶ
1561 1936 1704 1978 κατη-

195 2003 447 2063 γοροῦντος
502 1997 696 2059 ἀκούων,
755 1996 916 2063 ὥσπερ
974 1999 1112 2060 ὑμεῖς,
1164 1997 1455 2063 Λυκούργου,
1511 1996 1571 2047 τὰ
1626 1997 1710 2060 μὲν

195 2079 326 2129 ἄλλα
376 2084 534 2133 καλῶς
581 2080 722 2131 αὐτὸν
767 2081 978 2145 ἡγούμην
1027 2080 1195 2145 λέγειν,
1246 2079 1294 2130 ἓν
1343 2079 1391 2130 δὲ
1441 2079 1708 2143 τεθαύμακα

194 2164 316 2228 ὁρῶν
355 2164 820 2229 ὑπερδιατεινόμενον,
855 2168 891 2213 εἰ
926 2165 1126 2227 θάγνοεῖ,
1164 2163 1234 2213 ὅτι
1274 2164 1375 2213 οὔτε
1414 2162 1565 2228 ξπαρὰ
1600 2163 1733 2219 τοὺςς,

195 2246 273 2313 ὑφ’
310 2248 473 2296 ἑαυτοῦ
511 2246 682 2311 λόγους
721 2246 983 2311 εἰρημένους
1021 2247 1124 2295 οὔτε
1168 2244 1298 2311 παρὰ
1335 2244 1442 2298 τοὺς
1481 2247 1555 2296 ὑπ’
1595 2248 1705 2309 ἐμοῦ

192 2328 457 2391 μέλλοντας
500 2326 797 2394 ῥηθήσεσθαι
840 2327 899 2378 τὰ
942 2330 1122 2379 τουτουὶ
1168 2333 1250 2378 τοῦ
1295 2330 1476 2393 ἀγῶνος
1520 2329 1706 2380 ἕδίκαιοί

248 2495 268 2514 ¹¹
292 2488 496 2535 ποιούντων]
518 2490 679 2522 ποιοῦντα
699 2500 729 2522 v.
894 2495 912 2513 ⁰
933 2488 1133 2533 ὀφλήματος
1153 2489 1299 2523 codices.
1334 2489 1566 2534 ὀφειλήματος
1584 2490 1702 2536 vulgo.

195 2542 298 2576 Conf.
319 2553 389 2575 var.
410 2542 489 2577 leet.
511 2543 554 2576 ad
575 2554 607 2586 p.
627 2550 714 2587 712,
734 2552 791 2587 23.
890 2547 909 2575 P
929 2541 1067 2587 ὀφλὼν]
1094 2542 1316 2576 Scribebatur
1336 2541 1466 2586 ὅφλων.
1565 2549 1584 2576 q
1603 2543 1700 2589 ἄχρι]

192 2620 290 2665 ἄχρις
310 2621 383 2655 ΕΝ.
473 2626 486 2645 Γ
506 2619 676 2665 ὀφείλειν]
699 2619 821 2665 ὅφλειν
841 2632 871 2654 v.
961 2625 974 2644 S
996 2620 1190 2666 ἐγγραφὴν]
1213 2605 1390 2666 ἕγγραφίιιν
1411 2621 1446 2654 F.
1478 2622 1654 2666 ἔγγραφον
1672 2634 1703 2655 v,

193 2673 200 2692 ¹
223 2673 374 2719 δικαίως]
398 2673 530 2708 δικαίως
549 2671 589 2706 ἂν
607 2685 638 2707 V.
776 2678 790 2694 Χ
811 2672 1106 2718 προειλημμένων]
1129 2675 1397 2717 προειλημμένον
1416 2685 1447 2707 v.
1576 2679 1590 2702 y
1609 2672 1702 2706 Ἀλι-

192 2726 394 2772 καρνασεὺς]
416 2725 687 2772 ἁλικαρνασσεὺς
705 2738 736 2759 V.
905 2733 921 2751 Ἰ»
941 2726 1180 2769 εὐδοκιμοῦντα
1199 2727 1289 2771 παρὰ
1309 2727 1379 2761 τοῖς
1397 2725 1601 2772 Ἀθηναίοις]
1625 2725 1703 2771 παρ’

190 2777 359 2821 ἅθηναίοις
378 2779 616 2821 εὐδοκιμοῦντα
635 2791 666 2813 ν.
793 2783 811 2802 a
831 2779 911 2811 κατὰ
931 2779 1106 2822 τὸν--τὴν
1126 2778 1284 2813 Jurinus.
1326 2779 1524 2825 Legebatur
1542 2779 1602 2813 τὸν
1621 2780 1703 2813 κατὰ

190 2831 291 2866 -εἶς
311 2831 379 2875 τήν.
491 2829 511 2856 b
531 2831 647 2877 αὐτὸς]
672 2832 785 2865 αὐτοῖς
807 2831 843 2864 F.
956 2837 967 2851 s
987 2831 1170 2876 πρότερον]
1194 2835 1328 2876 πρῶτον
1347 2844 1380 2865 v.
1490 2829 1506 2852 ‘¹
1526 2831 1698 2877 δικασταὶ]

189 2882 340 2926 αθηναῖοι
360 2885 518 2918 A.F.k.v.
736 2889 752 2908 e
771 2883 886 2928 ἀγνοεῖ
906 2885 1026 2918 A.s.k.
1048 2889 1082 2918 ct
1103 2896 1154 2928 pr.
1172 2884 1213 2917 Y.
1250 2885 1449 2930 Legebatur
1468 2884 1580 2929 ἀγνοεῖ
1598 2883 1700 2919 τοῦθ’.

190 2932 204 2958 f
221 2937 310 2980 παρὰ
330 2937 426 2983 τοὺς]
452 2937 529 2971 τοὺς
549 2937 638 2982 παρὰ
658 2939 719 2970 τοῦ
740 2936 782 2969 O.
906 2943 925 2969 [τ’
945 2937 1053 2970 δίκαιά
1075 2936 1186 2982 ἐστιν]
1211 2936 1285 2971 ε’στι
1305 2938 1414 2971 δίκαια
1435 2937 1516 2971 S.Y.
