1954 3273
283 224 368 266 516
826 229 1252 268 ΔΗΜΟΣΘΕΝΟΤΣ
1403 226 1485 266 On.
1509 226 1620 266 XX.
1643 240 1684 281 p.
1701 225 1801 279 489,
1823 241 1917 266 192—

335 342 355 351 Α
451 338 461 353 Ι
655 341 665 355 9
708 339 719 356 ἱ
793 339 805 357 ἱ
886 345 906 354 Α
1029 341 1040 358 Ι
1334 345 1354 354 Α
1532 342 1546 357 Χ
1629 344 1649 353 Α
1699 341 1709 355 9
1780 339 1791 354 9

285 361 377 389 νειν
411 361 583 403 νομιμα
617 342 720 390 ουδε
752 363 811 390 τα
843 363 938 390 των
969 343 1143 402 δεινων,
1167 345 1355 390 πολλου
1386 361 1440 404 γε
1472 361 1548 389 και
1579 342 1656 401 δει,
1683 345 1782 389 αλλ

292 421 310 439 ὁ
1395 421 1410 448 f

284 446 315 473 α
358 426 416 490 τῇ
460 425 568 489 παρ’
613 424 796 477 ἐκείνοις
845 424 1058 492 πολιτείᾳ
1108 423 1350 490 συμφέρει,
1421 427 1550 473 ταῦτ’
1597 424 1797 473 ἐπαινεῖν

283 507 463 572 ἀνάγκη
514 510 589 557 καὶ
642 512 804 558 ποιεῖν.
873 505 970 558 εἶτα
1023 509 1099 557 καὶ
1150 505 1506 570 Λακεδαιμόνιοι
1562 511 1656 556 τῶν
1712 504 1797 569 μὲν

283 591 540 641 ἕτοιούτων
578 593 863 659 ἀφεστᾶσιν,
902 591 1050 641 ἄλλαι
1089 591 1144 641 δέ
1180 613 1299 644 τινες
1335 592 1444 655 παρ’
1483 590 1666 643 ἐκείνοις
1704 590 1846 644 elo-115

1397 672 1418 700 h

282 676 425 737 τιμαὶ,
471 672 526 727 ἃς
575 674 816 743 ἀπεύξαιτ’
863 674 920 726 ἂν
969 673 1091 728 ἅπας
1139 676 1164 725 ὁ
1210 677 1354 737 δῆμος
1434 675 1617 724 ἐνταυθὶ
1660 672 1792 738 γενέ-

191 762 413 820 Ιγι9σθαι.
467 759 586 812 τίνες
613 758 694 809 οὖν
720 761 838 809 εἰσὶν
864 759 1028 820 αὗταις
1069 758 1152 812 τὰς
1186 756 1270 822 μὲν
1301 759 1399 808 καθ’
1429 758 1630 808 ἕκαστον
1655 756 1796 819 ἐάσω,

191 1541 267 1571 120

192 1956 260 1984 121

281 841 392 901 μίαν
435 842 489 903 δ’,
534 839 563 905 ἢ
607 847 932 903 συλλαβοῦσα
978 842 1061 896 τὰς
1106 842 1262 895 ἄλλας
1306 841 1411 908 ἔχει,
1457 843 1604 904 δίειμι.
1669 842 1791 892 ἐπει-

283 923 370 974 δάν
394 947 463 978 τις
489 923 569 978 ἱεἷς
594 924 680 988 τὴν
706 925 998 990 καλουμένην
1023 926 1276 992 γερουσίαν
1307 926 1498 992 ἐγκριθῇ
1532 924 1798 991 παρασχὼν

281 1006 458 1059 Καὺτὸν
493 1007 588 1059 οἷον
626 1007 732 1076 χρὴ,
768 1008 1001 1074 δεσπότης
1039 1012 1141 1060 ἐστὶ
1180 1013 1274 1060 τῶν
1312 1013 1525 1059 πολλῶν.
1588 1010 1680 1059 ε’κεῖ
1712 1008 1796 1072 μὲν
1809 1035 1850 1055 20

281 1089 374 1157 γάρ
401 1092 503 1141 ἐστι
538 1094 621 1155 τῆς
654 1093 817 1157 ἀρετῆς
853 1090 1002 1143 ἆθλον
1033 1095 1116 1156 τῆς
1145 1092 1384 1145 πολιτείας
1410 1092 1551 1160 κυρίῳ
1577 1091 1798 1157 γενέσθαι

280 1174 397 1238 μετὰ
441 1179 534 1225 τῶν
578 1177 763 1238 ὁμοίων,
805 1176 935 1242 παρὰ
981 1177 1018 1226 δ’
1060 1175 1195 1239 1ἡμῖν
1239 1175 1409 1240 ταύτης
1454 1175 1539 1239 μὲν
1583 1177 1608 1226 ὁ
1653 1179 1799 1239 δῆμος

281 1259 448 1326 κύριος,
488 1262 562 1310 καὶ
601 1261 755 1326 maipa}
798 1263 873 1311 καὶ
919 1260 1051 1324 νόμοι
1096 1263 1171 1311 καὶ
1216 1262 1426 1329 φυλακαὶ
1471 1260 1596 1313 ὅπως
1638 1262 1796 1324 μηδεὶς

280 1343 432 1397 ἄλλος
471 1343 624 1410 κύριος
662 1343 924 1409 γενήσεται,
963 1344 1193 1413 στέφανοι
1231 1344 1316 1395 Πδὲ
1354 1347 1429 1395 καὶ
1470 1343 1675 1394 ἀτέλειαι
1720 1346 1795 1394 καὶ
1808 1367 1846 1398 25

281 1427 494 1492 σιτήσεις
531 1430 606 1479 καὶ
647 1429 839 1480 τοιαῦτά
876 1430 1019 1491 ἐστιν,
1058 1427 1123 1479 ῶν
1162 1429 1219 1479 ἄν
1257 1451 1326 1482 τις
1364 1427 1480 1494 ἀνὴρ
1519 1427 1695 1493 ἀγαθὸς
1733 1425 1798 1478 ὧν

281 1512 457 1579 οτύχοι.
513 1515 589 1563 καὶ
623 1514 749 1563 ταῦτ’
778 1511 1023 1581 ἀμφότερα
1057 1514 1206 1579 ὀρθῶς
1241 1512 1345 1579 ἔχει,
1371 1513 1447 1562 καὶ
1479 1514 1611 1562 τάκεῖ
1638 1510 1797 1562 καὶτὰ

281 1598 390 1662 παρ’
416 1597 540 1659 ἡμῖν.
597 1595 672 1646 διὰ
704 1597 752 1647 τί
770 1619 782 1659 3
826 1596 897 1647 ὅτι
933 1596 1017 1650 τὰς
1048 1596 1160 1660 Ρμὲν
1197 1595 1272 1647 διὰ
1307 1601 1401 1647 τῶν
1437 1597 1615 1661 ὀλίγων
1650 1602 1791 1646 πολι-

280 1681 403 1733 τείας
443 1679 497 1731 τὸ
540 1679 720 1734 πάντας
764 1681 883 1748 ἔχειν
925 1680 1033 1731 ’ίσον
1073 1679 1307 1744 ἀλλήλοις
1348 1679 1455 1733 τοὺς
1496 1684 1590 1730 τῶν
1631 1683 1797 1730 κοινῶν

280 1765 463 1830 κυρίους
490 1766 698 1824 ὁμονοεῖν
724 1770 856 1827 ποιεῖ,
876 1764 961 1829 τὴν
988 1763 1037 1815 δὲ
1062 1769 1156 1815 τῶν
1177 1764 1336 1829 δήμων
1357 1764 1622 1829 ἐλευθερίαν
1647 1764 1674 1826 ἡ
1701 1767 1795 1814 τῶν
1806 1784 1890 1825 490

280 1849 473 1913 ἀγαθῶν
518 1851 701 1915 ἀνδρῶν
746 1847 944 1912 ἅμιλλα,
982 1847 1039 1913 ἢν
1083 1850 1157 1899 ἐπὶ
1207 1853 1306 1900 ταῖς
1349 1847 1479 1913 παρὰ
1521 1852 1604 1897 τοῦ
1647 1845 1795 1910 δήμου

280 1935 469 1998 δωρεαῖς
503 1932 621 1999 πρὸς
662 1932 849 1987 ἑαυτοὺς
885 1937 1137 1994 ποιοῦνται,
1165 1930 1405 1999 φυλάττει.
1458 1932 1532 1981 καὶ
1566 1929 1659 1993 μὴν
1690 1933 1795 1996 περὶ

279 2022 394 2067 ‘hrofi
425 2040 479 2082 γε
515 2016 632 2081 μηδὲ
666 2019 908 2082 Θηβαίους
943 2018 1118 2081 μηδένα
1151 2020 1305 2079 τιμᾶν,
1331 2015 1456 2066 ἐκεῖν’
1485 2013 1543 2064 ἂν
1576 2014 1696 2081 ε”χειν
1727 2017 1788 2064 εὶ-

278 2106 382 2151 πεῖν
408 2100 581 2164 ἀληθὲς
606 2101 794 2164 Γοῖομαι.
842 2101 1008 2167 μεῖζον,
1036 2098 1072 2150 ῶ
1098 2100 1261 2166 ἄνδρες
1286 2101 1541 2162 Ἀθηναῖοι,
1567 2102 1823 2162 5Θηβαῖοι5

281 2191 542 2254 φρονοῦσιν
578 2186 647 2236 ἐπ’
684 2185 886 2249 ὠμότητι
925 2187 999 2235 καὶ
1037 2185 1239 2252 πονηρίᾳ
1274 2183 1302 2247 ἢ
1340 2184 1464 2246 ὑμεῖς
1501 2183 1575 2233 ἐπὶ
1614 2185 1791 2250 φιλαν-

280 2270 465 2337 θρωπίᾳ
503 2272 578 2319 καὶ
620 2273 686 2338 τῷ
723 2269 782 2319 τὰ
821 2269 974 2320 δίκαια
1007 2268 1316 2329 ἴβούλεσθαι.
1375 2265 1480 2330 μήτ’
1519 2266 1600 2316 οὖν
1637 2266 1801 2316 ἐκεῖνοί

278 2377 393 2405 ποτε
433 2353 710 2416 παύσαιντο,
746 2358 782 2404 εἰ
821 2353 890 2420 ἄρ’
925 2354 1155 2422 εὔξασθαι
1196 2356 1275 2414 δεῖ,
1311 2350 1418 2405 τοὺς
1459 2349 1543 2413 μὲν
1578 2347 1795 2403 ιιἑαυτοὺς

279 2436 459 2503 ἀγαθόν
500 2461 543 2487 τι
592 2442 839 2490 ποιοῦντας
882 2436 998 2501 μήτε
1042 2441 1263 2500 τιμῶντες
1310 2435 1426 2500 μήτε
1470 2434 1794 2500 θαυμάζοντες,

279 2520 385 2574 τοὺς
416 2520 465 2572 δὲ
500 2525 743 2586 συγγενεῖς
773 2521 894 2584 (ἴστε
929 2520 1021 2587 γὰρ
1054 2520 1107 2572 ὃν
1138 2521 1314 2587 τρόπον
1340 2527 1359 2546 x
1377 2517 1669 2586 Ὀρχομενὸν
1695 2517 1788 2569 διέ-
1807 2545 1846 2566 10

334 2660 349 2687 s
365 2661 475 2709 ταῦτ’]
497 2661 589 2696 ταῦτ’
611 2661 628 2705 ἦ
650 2661 774 2696 Y.O.t.
797 2667 832 2695 et
851 2674 920 2695 rec.
943 2662 977 2695 k.
1095 2666 1115 2693 g
1136 2659 1315 2705 τοιούτων]
1340 2657 1503 2692 τοιούτων
1522 2658 1606 2691 ἐθῶν
1627 2657 1792 2691 F.Y.O.r.

280 2722 373 2750 s.t.v.
464 2713 484 2740 h
505 2716 655 2762 ἐνταυθὶ]
683 2716 905 2749 Scribebatur
924 2714 1089 2748 ἐνταυθοῖ.
1201 2710 1209 2737 i
1231 2713 1277 2748 εἷς
1295 2725 1364 2747 om.
1386 2724 1438 2757 pr.
1456 2712 1498 2745 Y.
1594 2708 1613 2735 k
1634 2711 1737 2745 αὑτὸν
1758 2711 1793 2745 S.

280 2770 400 2804 ἑαυτὸν
419 2770 537 2815 vulgo.
666 2766 673 2793 ¹
696 2769 788 2815 ἡμῖν]
815 2769 891 2811 ὑμῖν
913 2769 1013 2802 F.t.v.
1126 2772 1154 2791 ¹¹¹
1175 2766 1268 2812 ἀραὶ]
1292 2765 1393 2811 ἀρχαὶ
1414 2765 1606 2799 F.Y.O.r.t.
1629 2770 1664 2798 et
1682 2778 1736 2809 γρ.
1758 2764 1792 2797 k.

282 2830 301 2848 ¹¹
322 2823 376 2869 δὲ]
400 2837 436 2856 τε
458 2823 495 2856 F.
518 2835 586 2856 om.
603 2828 628 2856 t.
724 2828 742 2847 0
762 2822 878 2868 τύχοι]
903 2821 988 2866 τύχη
1009 2827 1184 2855 correctus
1203 2833 1235 2854 v.
1326 2825 1345 2852 P
1364 2819 1441 2864 μὲν]
1466 2820 1527 2863 μὲν
1546 2821 1613 2852 τῶν
1634 2817 1793 2851 S.Y.O.r.

281 2884 301 2910 q
320 2879 381 2910 τοῦ
400 2891 437 2922 γε
459 2875 736 2911 A.S.Y.O.k.r.s.
775 2876 973 2921 chebatur
992 2890 1030 2920 γε
1051 2876 1123 2908 τοῦ.
1160 2874 1263 2907 Conf.
1285 2874 1328 2906 ad
1348 2886 1380 2918 p.
1397 2872 1486 2918 685,
1502 2879 1536 2919 5.
1649 2877 1663 2895 ¹·
1682 2869 1794 2915 οἴομαι

283 2931 319 2965 S.
350 2927 442 2973 οἶμαι
461 2930 578 2975 vulgo.
745 2934 759 2953 5
781 2931 924 2972 Θηβαῖοι
944 2928 1152 2973 φρονοῦσιν]
1179 2942 1235 2972 γρ.
1258 2927 1359 2969 θῆβιιι
1379 2927 1418 2959 οὗ
1438 2927 1628 2971 φρονοῦσιν
1649 2926 1684 2958 S.
1705 2936 1725 2957 a
1744 2936 1791 2958 m.

281 2983 414 3029 quinta.
456 2984 496 3017 In
521 2984 556 3017 S.
577 2995 598 3017 a
617 2995 667 3028 pr.
690 2995 736 3017 m.
759 2982 901 3025 θηβαιου
921 2985 982 3027 φρ.
1003 2981 1081 3020 fuit,
1103 2993 1143 3015 ex
1165 2993 1235 3026 qno
1258 2981 1412 3014 radendo
1438 2980 1568 3014 factum
1588 2984 1641 3012 est
1660 2977 1794 3021 θηβαῖοι

280 3039 345 3081 φρ.
441 3035 455 3061 t
474 3036 681 3082 Βούλεσθαι]
705 3035 933 3076 βουλεύεσθαι
953 3048 979 3069 s.
1078 3040 1098 3059 ¹¹
1119 3033 1272 3079 ἑαυτοὺς]
1297 3033 1419 3068 αὐτοὺς
1438 3045 1468 3068 v.
1568 3037 1586 3056 Χ
1607 3030 1794 3076 ὀρχομενὸν

283 3090 409 3124 S.Y.O.
448 3090 645 3136 Legebatur
663 3089 914 3135 Ὀρχομενίους.
