1954 3273
62 171 216 215 —521‚
236 177 287 204 29.
732 166 871 202 ΚΑΤΑ
905 165 1151 203 ΜΕΙΔΙΟΎ.
1613 163 1697 204 547

185 273 325 325 αὑτὸν
351 273 736 340 0προύβαλόμην,
761 280 890 325 ταῦτ’
920 275 1063 337 ἔστιν,
1086 273 1122 325 ὦ
1149 276 1311 340 ἄνδρες
1336 276 1591 338 Ἀθηναῖοι,
1619 277 1693 325 καὶ
1709 292 1724 323 5

183 357 328 408 πόλλ’
369 358 515 424 ἕτερα,
557 356 621 408 ὧν
661 358 734 409 ὅσ’
776 358 833 408 ἂν
875 357 967 411 οἷός
1007 382 1056 409 τε
1100 357 1136 409 ὦ
1181 358 1369 426 διέξειμι
1414 358 1533 424 πρὸς
1579 359 1695 419 ὑμᾶς

121 450 170 492 28
185 439 349 490 αὐτίκα
391 438 447 503 δὴ
492 440 640 503 μάλα.
683 440 775 507 ε”χω
821 440 868 491 δὲ
910 440 1064 505 λέγειν
1113 443 1188 490 καὶ
1239 440 1490 505 Ρπονηριάς
1541 438 1697 504 ἑτέρας

183 528 484 587 παμπληθεῖς
528 525 693 575 (ίαὺτοῦ
745 527 820 575 καὶ
867 526 1022 590 ὕβρεις
1073 529 1133 577 εἷς
1184 523 1398 577 πολλοὺς
1449 526 1579 586 ὑμῶν
1623 526 1698 574 καὶ

183 607 467 670 τολμήματα
505 613 587 658 τοῦ
628 614 796 674 μιαροῦ
834 608 1000 658 τούτου
1036 608 1200 659 πολλὰ
1240 610 1314 658 καὶ
1348 607 1484 669 δεινὰ,
1523 608 1597 675 ἐφ’
1631 606 1699 660 οἷς

183 696 278 742 τῶν
311 690 616 742 πεπονθότων
655 696 697 742 οἱ
731 693 829 755 μὲν,
862 691 898 742 ὦ
931 692 1093 757 ἄνδρες
1129 694 1359 753 δικασταὶ,
1393 691 1698 741 καταδείσαν-
1715 719 1753 739 10

183 798 257 829 τες
296 780 462 826 τοῦτον
500 779 575 827 καὶ
611 776 695 827 Γτὸ
726 777 891 827 τούτου
933 776 1111 842 θράσος
1151 778 1226 826 καὶ
1269 774 1376 829 τοὺς
1414 776 1519 840 περὶ
1557 774 1698 824 αὑτὸν

186 860 412 924 5ἑταίρους
438 862 513 909 καὶ
553 861 792 911 ἵπλοῦτον
831 863 906 911 καὶ
944 860 1144 910 11τοῖλλα
1186 858 1280 922 Χδὴ
1325 858 1420 909 ὅσα
1462 857 1699 924 πρόσεστι

183 943 346 1013 τούτῳ,
374 945 577 1011 ἡσυχίαν
616 945 774 1012 ε”ο-χον,
803 949 843 995 οἱ
871 946 908 994 δ’
939 944 1318 1011 ἐπιχειρήσαντες
1349 944 1506 1003 Ῡδίκην
1531 950 1548 968 ²
1566 950 1695 1006 λαμ-

183 1027 342 1088 βάνειν
388 1029 470 1078 οὐκ
521 1028 864 1093 ῧήδυνήθησαν,
907 1031 998 1080 εἰσὶ
1042 1027 1107 1078 ι)δ’
1155 1027 1196 1078 οἳ
1243 1028 1537 1090 διελύσαντο,
1583 1027 1699 1080 ἴσως

119 1117 489 1165 29ολυσιτελεῖν
530 1113 792 1177 ἡγούμενοι.
835 1112 919 1176 τὴν
963 1111 1048 1174 μὲν
1089 1113 1169 1162 οὖν
1211 1111 1325 1176 ὑπὲρ
1371 1113 1523 1161 αὑτῶν
1567 1112 1698 1175 δίκην
1713 1130 1750 1161 15

896 1195 915 1222 d

183 1196 373 1262 ἔχουσιν
409 1196 456 1246 οἵ
485 1219 539 1261 γε
576 1197 854 1250 πεισθέντες·
931 1200 1012 1260 τῆς
1050 1200 1090 1247 δ’
1131 1195 1246 1262 ὑπὲρ
1283 1200 1377 1246 τῶν
1414 1195 1583 1258 νόμων,
1622 1195 1699 1249 οὓς

183 1279 403 1346 παραβὰς
442 1280 575 1334 οὗτος
614 1282 847 1334 κάκείνους
874 1282 1049 1345 εἷήδίκει
1089 1283 1163 1331 καὶ
1200 1287 1280 1331 νῦν
1310 1280 1387 1344 ἐμὲ
1420 1282 1495 1330 καὶ
1521 1280 1700 1333 πάντας

184 1363 292 1418 τοὺς
310 1363 504 1427 ἄλλους,
527 1366 653 1428 ὑμεῖς
673 1364 780 1415 ε’στέ
801 1365 1098 1431 κληρονόμοι.
1141 1364 1331 1416 πάντων
1358 1363 1458 1415 fofiv
1485 1363 1700 1430 go‘th6cov

119 1462 174 1503 30
187 1446 235 1497 ἓν
260 1447 437 1511 τίμημα
474 1449 757 1511 ποιήσασθε,
786 1449 810 1499 ὅ
836 1472 879 1499 τι
906 1447 964 1499 ἂν
990 1449 1194 1500 11δίκαιον
1221 1450 1419 1514 ἡγῆσθε.
1463 1449 1697 1517 ἐξελέγξω
1711 1472 1752 1493 20

185 1531 234 1582 δὲ
270 1536 458 1597 πρῶτον
495 1531 581 1594 μὲν
621 1532 715 1582 ὅσα
749 1532 885 1585 αὐτὸς
928 1534 1176 1599 ὑβρίσθην,
1218 1533 1355 1584 ἔπειθ’
1394 1532 1488 1583 ὅσα
1524 1533 1694 1594 ῑὺμεῖς·

182 1615 300 1679 μετὰ
336 1622 482 1667 ταῦτα
517 1615 565 1667 δὲ
599 1620 674 1668 καὶ
709 1617 790 1668 τὸν
827 1616 995 1680 ἄλλον,
1034 1615 1070 1667 ὦ
1103 1617 1266 1683 ἄνδρες
1300 1619 1556 1680 Ἀθηναῖοι,
1591 1618 1699 1678 βίον

181 1701 322 1750 αὐτοῦ
362 1699 518 1751 πάντα
556 1699 779 1768 ἐξετάσω,
818 1703 892 1751 καὶ
935 1700 1070 1769 δείξω
1104 1705 1304 1751 πολλῶν
1345 1699 1572 1761 θανάτων,
1612 1701 1697 1766 οὐχ

182 1783 282 1837 ἑνὸς
320 1784 432 1834 ὄντα
477 1782 626 1852 ἄξιον.
671 1785 778 1850 λε’γε
819 1808 899 1847 μοι
941 1784 1026 1848 τὴν
1064 1790 1146 1835 τοῦ
1191 1781 1460 1850 χρυσοχόου
1505 1783 1696 1848 πρώτην
1711 1802 1748 1833 25

182 1867 349 1929 λαβὼν
373 1870 644 1934 μαρτυρίαν.

791 1947 1079 1987 MAPTTPIA
1089 1981 1096 1987 .

114 2024 165 2066 31
297 2016 544 2067 1(Παμμένης
586 2016 822 2067 Παμμένους
862 2016 1067 2070 ῙἘρχιεὺς
1107 2017 1233 2069 Ῑῃὲχω
1269 2019 1531 2069 χρυσοχοεῖον
1575 2017 1617 2055 ἐν
1651 2016 1697 2071 Τῇ

237 2084 377 2137 ἀγορᾷ,
420 2085 464 2123 ἐν
505 2082 568 2138 Πῷ
619 2085 902 2136 καταγίγνομαι
953 2085 1014 2124 καὶ
1062 2084 1270 2135 ἐργάζομαι
1320 2083 1388 2133 τὴν
1431 2082 1698 2135 χρυσοχοϊκὴν

234 2197 252 2216 0
272 2191 534 2237 προύβαλόμην]
558 2192 826 2237 προύβαλλόμην
845 2205 874 2227 r.
961 2200 977 2227 Ρ
997 2191 1174 2237 πονηρίας]
1200 2191 1434 2236 παμπονηρίας
1452 2203 1480 2225 r.
1566 2197 1585 2224 q
1606 2205 1695 2238 παμ-

178 2246 319 2289 πληθεῖς
338 2246 441 2279 αὐτοῦ
462 2245 787 2280 F.P.S.Y.O.s.t.v.
824 2246 1025 2291 Legebatul·
1045 2245 1147 2278 αὐτοῦ
1167 2245 1392 2287 παμπληθεῖς.
1521 2250 1536 2268 1'
1556 2245 1594 2278 τὸ
1615 2245 1694 2279 τού-

179 2297 257 2343 του]
280 2301 382 2332 τοῦτο
401 2311 453 2344 pr.
476 2298 519 2332 Ο.
632 2304 647 2323 S
668 2299 835 2345 ἑταίρους]
861 2300 995 2344 ἑτέρους
1017 2299 1051 2333 S.
1141 2296 1155 2322 t
1173 2300 1326 2331 πλοῦτον
1347 2297 1479 2333 S.Y.O.
1509 2299 1570 2331 τὸν
1589 2300 1696 2332 πλοῦ-

179 2365 239 2385 τον
267 2352 375 2385 sehol.
404 2352 553 2385 Homeri
582 2352 625 2385 Il.
648 2357 687 2386 O.
708 2351 799 2399 496.
842 2354 992 2385 πλοῦτον
1021 2352 1073 2386 καὶ
1102 2349 1200 2394 ὕβριν
1229 2351 1348 2396 vulgo.
1508 2358 1528 2376 U
1562 2352 1691 2397 τῖίλλα]

180 2404 315 2438 rufina
336 2405 372 2439 S.
512 2411 528 2426 Χ
559 2405 599 2448 δὴ
620 2405 704 2450 ὅσα]
727 2407 794 2439 ὅσα
814 2406 853 2449 δὴ
872 2406 984 2439 A.k.r.
1026 2405 1132 2450 Apud
1155 2405 1262 2438 schol.
1285 2404 1434 2438 Homeri
1454 2405 1506 2437 καὶ
1525 2404 1636 2438 τᾶλλα
1656 2405 1696 2449 δὴ

181 2456 249 2491 ὅσα
267 2458 352 2503 πρὸς
370 2458 472 2491 αὐτὸν
491 2458 621 2503 ἔφυγον
641 2458 792 2493 ἐκποδὼν
811 2457 941 2492 τούτων
961 2460 1066 2503 ἔσχον
1086 2457 1245 2501 ἡσυχίαν.
1403 2463 1423 2490 Y
1449 2458 1558 2504 δίκην]
1579 2461 1626 2505 τῷ
1646 2459 1695 2492 δι’·

180 2524 240 2553 κην
258 2523 287 2544 r.
443 2516 461 2534 Ζ
487 2510 690 2556 λαμβάνειν]
714 2513 833 2553 λαβεῖν
852 2512 963 2546 A.k.r.
1120 2517 1138 2536 a
1167 2509 1397 2556 ἠδυνήθησαν]
1423 2510 1632 2554 ἐδυνήθησαν
1653 2512 1694 2546 Ρ.

182 2560 200 2587 b
221 2562 250 2596 δ’
267 2561 315 2608 οἳ]
338 2564 374 2597 δὲ
394 2564 447 2597 καὶ
465 2561 498 2597 οἲ
518 2564 620 2598 F.v.t.
651 2564 679 2598 δ’
698 2563 729 2598 οἳ
744 2567 797 2599 καὶ
811 2565 957 2599 A.k.r.s.
1055 2570 1071 2589 ⁰
1090 2565 1286 2598 λυσιτελεῖν
1302 2564 1385 2599 S.Y.
1417 2564 1617 2610 Legebatm·
1636 2567 1696 2599 λυ-

182 2617 332 2649 σιτελεῖν
350 2617 476 2652 αὑτοῖς.
558 2614 577 2641 d
597 2619 656 2661 τῆς
675 2618 723 2664 δ’]
748 2619 808 2662 τὴν
828 2618 857 2652 δ’
878 2630 906 2652 r.
982 2623 998 2642 e
1018 2616 1138 2663 ἠδίκει]
1163 2616 1268 2661 ἠδίκει
1287 2619 1366 2651 τότε
1385 2618 1498 2653 A.k.r.
1584 2615 1600 2642 f
1615 2617 1690 2664 οὖν]

1077 2677 1098 2692 ω

180 2701 240 2736 οὖν
258 2701 386 2736 τούτων
405 2704 552 2738 A.k.r.v.
629 2712 650 2740 g
669 2704 801 2750 ἁθρόων
819 2704 950 2738 A.F.Y.
980 2704 1102 2748 ἀθρόον
1121 2716 1154 2738 v.
1184 2703 1308 2748 ἀθρόον
1326 2704 1426 2738 k.r.t.
1457 2703 1641 2748 ἄνθρωπων
1659 2703 1694 2737 S.

180 2756 242 2789 sed
262 2756 377 2789 deleto
396 2756 511 2801 priore
532 2771 549 2790 ν
569 2764 603 2791 et
623 2757 858 2803 superscripto
879 2758 955 2790 όων.
985 2756 1116 2802 ἀθρόων
1135 2757 1252 2802 vulgo.
1378 2754 1398 2781 h
1419 2756 1545 2790 δίκαιον
1564 2768 1634 2790 om.
1656 2757 1692 2791 k.

181 2805 191 2832 i
211 2808 321 2854 ὑμεῖς]
347 2809 439 2851 ὑμεῖς
458 2808 619 2853 ἠδίκησθε
639 2811 862 2845 A.F.k.r.t.v.
880 2816 915 2844 et
935 2822 955 2844 a
973 2822 1020 2844 m.
1041 2822 1114 2846 non
1133 2811 1257 2855 prima,
1279 2810 1339 2844 sed
1358 2809 1502 2853 antiqua
1520 2816 1639 2842 tamen
1657 2810 1692 2843 S.

180 2858 202 2886 k
222 2862 480 2896 Testimonium
500 2875 569 2896 om.
590 2864 672 2898 A.k.
826 2861 836 2888 Ῑ
855 2862 1009 2909 Ἐρχιεὺς
1028 2864 1279 2897 Buttmannus.
1309 2864 1454 2907 ἔπερχος
1474 2862 1558 2896 P.Y.
1580 2868 1614 2896 et
1634 2863 1694 2908 qui

181 2915 382 2949 accentibus
402 2921 496 2949 earet
518 2916 554 2951 S.
585 2914 732 2962 ἔπαρχος
752 2917 870 2962 vulgo.
981 2922 1011 2941 Π]
1032 2917 1099 2961 ἔχω
1119 2917 1278 2950 Wolfius.
1308 2916 1395 2959 ἔχων
1414 2915 1504 2948 libri.
1605 2921 1625 2939 n
1645 2912 1689 2962 ᾧ]

182 2963 209 3001 ὦ
227 2970 279 3002 καὶ
300 2967 470 3004 P.Y.O.s.
1199 2963 1208 2979 δ’
