1954 3273
40 178 210 219 ·'—472,
227 184 260 212 9.
700 167 841 204 ΠΡΟΣ
877 166 1182 203 ΛΕΠΤΙΝΗΝ.
1618 165 1700 207 497

178 302 328 347 σχειν,
374 280 502 343 ἡμεῖς
549 280 586 329 δ’
627 282 669 328 οἱ
721 276 853 346 λόγῳ
898 277 1023 327 ταῦτ’
1066 274 1339 327 Γάκούοντες
1385 278 1447 327 ὡς
1493 275 1698 342 ἀναξίων

109 380 165 420 54
179 363 559 431 ἀφαιρησόμεθα,
585 367 685 416 πῶς
717 363 804 428 οὐχ
837 361 1101 427 ὑπέρδεινον
1134 359 1430 422 ποιήσομεν,
1475 359 1527 407 ⁵5
1559 358 1748 412 αὐτὸςιῡ

177 448 333 498 τοίνυν
364 448 472 498 ἐστί
504 469 582 510 μοι
613 445 757 511 λόγος
792 445 925 497 οὗτος
961 446 1036 494 καὶ
1069 446 1174 509 περὶ
1208 447 1302 493 τῶν
1337 441 1443 495 τοὺς
1479 464 1698 507 τετρακο-

177 532 309 584 σιόυς
348 530 734 591 καταλυσάντων,
772 531 846 580 καὶ
885 531 989 594 περὶ
1028 533 1122 578 τῶν
1158 528 1221 578 ὅτ’
1251 527 1476 594 ἵἔφευγεν
1503 528 1526 576 ὁ
1554 530 1697 590 δῆμος

175 615 436 681 χρησίμους
492 613 659 667 αὐτοὺς
715 613 1080 679 παρασχόντων·
1147 611 1326 664 πάντας
1385 610 1478 676 γὰρ
1532 610 1698 664 αὐτοὺς

173 699 373 763 ἡγοῦμαι
400 698 619 749 δεινότατ’
649 697 707 749 ἂν
732 702 912 759 παθεῖν,
941 697 981 747 εἵ
1012 720 1056 748 τι
1088 701 1182 747 τῶν
1212 696 1317 746 τότε
1350 695 1697 763 ψηφισθέντων

172 783 326 835 αὐτοῖς
353 783 529 847 λυθείη.

102 877 156 919 55
247 869 304 916 ΕΖ
343 867 498 917 τοίνυν
532 889 600 920 τις
636 868 765 930 ὑμῶν
798 868 939 917 ἐκεῖνο
974 865 1235 927 πέπεισται,
1262 863 1389 915 πολὺ
1415 869 1497 914 τοῦ
1528 867 1692 928 δεηθῆ-
1707 888 1747 909 20

171 951 249 1000 ναί
279 973 401 1004 τινος
434 950 645 1001 τοιούτου
681 957 762 1001 νῦν
794 950 982 1017 ἀπέχειν
1007 949 1123 1012 Πτὴν
1148 947 1306 1010 πόλιν,
1332 954 1479 998 ταῦτα
1511 948 1596 1011 μὲν
1622 950 1692 998 εὑ-

167 1036 327 1102 χέσθω
367 1042 461 1089 τοῖς
497 1040 631 1099 θεοῖς,
665 1036 794 1102 κάγὼ
830 1035 1130 1102 συνεύχομαι,
1160 1035 1421 1100 λογιζέσθω
1455 1034 1531 1084 ’(δέ
1564 1040 1692 1100 πρῶ-

167 1140 249 1168 τον
280 1118 365 1180 μὲν
398 1119 467 1168 ὅτι
500 1121 638 1184 Υπερὶ
672 1118 816 1182 νόμου
851 1119 1016 1181 μέλλει
1052 1118 1207 1185 φερειν
1233 1117 1318 1182 τὴν
1345 1121 1528 1186 ψῆφον,
1558 1116 1593 1186 ᾧ
1626 1117 1690 1182 μὴ

166 1201 354 1252 λυθέντι
389 1201 574 1265 Ζδεήσει
614 1206 836 1269 χρῆσθαι,
873 1202 1085 1269 δεύτερον
1121 1205 1162 1252 δ’
1198 1202 1267 1252 ὅτι
1305 1197 1609 1263 βλάπτουσιν
1648 1206 1741 1256 0225

163 1288 358 1350 πονηροὶ
399 1284 530 1348 νόμοι
570 1290 645 1335 καὶ
683 1285 766 1338 τὰς
805 1288 1043 1353 ἀσφαλῶς
1082 1290 1219 1336 οἰκεῖν
1257 1286 1467 1349 οἰομένας
1505 1286 1683 1340 πόλεις.

96 1370 218 1433 56οὐ
256 1368 348 1435 γὰρ
387 1367 445 1419 ἂν
489 1370 740 1433 μετέπιπτε
782 1370 841 1420 τὰ
879 1370 1118 1436 πράγματ’
1159 1372 1225 1421 ἐπ’
1267 1369 1509 1438 ἀμφότερ’,
1550 1376 1585 1421 εἱ
1623 1372 1688 1436 μὴ

163 1452 270 1507 τοὺς
308 1453 393 1517 μὲν
427 1456 474 1504 ἐν
511 1453 708 1523 κινδύνῳ
744 1454 1096 1518 καθεστηκότας
1134 1456 1209 1505 καὶ
1249 1455 1442 1523 πράξεις
1480 1459 1687 1522 χρησταὶ

162 1540 237 1588 καὶ
277 1537 408 1600 νόμοι
453 1540 527 1589 καὶ
567 1538 731 1604 ἄνδρες
769 1541 970 1606 χρηστοὶ
1010 1541 1083 1589 καὶ
1123 1539 1261 1590 πάντ’
1299 1539 1576 1607 ἐξητασμέν’
1613 1543 1687 1592 ἐπὶ

161 1620 216 1671 τὸ
254 1622 446 1683 βέλτιον
489 1625 684 1688 προῆγε,
724 1620 833 1676 τοὺς
873 1625 910 1672 δ’
948 1624 995 1672 ἐν
1034 1621 1235 1688 ᾶὰπάσῃ
1277 1623 1563 1674 καθεστάναι
1601 1628 1680 1675 δο-

163 1713 359 1760 κοῦντας
417 1708 681 1776 εὐδαιμονίᾳ
741 1707 897 1758 πάντα
961 1708 1086 1757 ταῦτ’
1141 1707 1438 1770 ἀμελούμενα
1503 1709 1779 1775 ὑπερρει472

93 1809 146 1851 57
163 1789 283 1841 κατὰ
324 1789 503 1857 μικρόν.
571 1795 663 1841 τῶν
702 1790 796 1856 γὰρ
835 1791 1097 1855 ἀνθρώπων
1138 1794 1178 1841 οἱ
1221 1796 1439 1841 πλεῖστοι
1485 1796 1685 1843 κτῶνται

160 1874 245 1938 μὲν
283 1873 470 1940 τάγαθὰ
508 1877 574 1943 τῷ
616 1879 773 1927 καλῶς
813 1874 1129 1935 βουλεύεσθαι
1172 1878 1246 1925 καὶ
1291 1874 1489 1938 μηδενὸς
1532 1899 1673 1926 κατα-

160 1963 362 2025 φρονεῖν,
390 1957 646 2026 φυλάττειν
674 1959 710 2008 δ’
741 1959 822 2008 οὐκ
854 1958 1071 2008 ἐθέλουσι
1101 1963 1196 2012 τοῖς
1222 1959 1376 2011 αὐτοῖς
1403 1959 1597 2013 τούτοις.
1655 1959 1708 2011 δε

156 2038 222 2103 μὴ
248 2037 455 2104 Ι’πάθητε
483 2046 564 2090 νῦν
591 2041 729 2103 ὑμεῖς,
755 2041 860 2104 μηδ’
891 2039 1045 2090 οἴεσθε
1079 2038 1221 2102 νόμον
1253 2046 1463 2091 τοιοῦτον
1488 2042 1680 2093 εθέσθαι

155 2127 261 2186 δεῖν,
290 2123 339 2178 ὃς
371 2129 528 2178 καλῶς
564 2148 611 2175 τε
647 2124 956 2190 πράττουσαν
989 2123 1074 2188 τὴν
1105 2123 1248 2175 πόλιν
1275 2123 1436 2188 ἀήμῶν
1470 2130 1678 2191 πονηρᾶς

155 2207 327 2277 εδόξης
363 2208 645 2273 ἀναπλήσει,
680 2208 759 2259 ἐάν
799 2208 854 2259 τέ
889 2231 933 2258 τι
975 2212 1142 2275 συμβῇ
1181 2206 1334 2270 ἶποτὲ,
1373 2209 1544 2274 ε”ρημον
1583 2214 1677 2260 τῶν

986 2291 1004 2318 h

153 2291 513 2356 ἕέθελησόντων
539 2292 719 2357 ἀγαθόν
745 2316 789 2343 τι
813 2298 961 2343 ποιεῖν
1017 2291 1325 2357 καταστήσει.

207 2447 220 2465 Γ
239 2438 434 2485 ἀκούοντες]
457 2438 662 2475 ἀκούσαντες
683 2453 710 2474 s.
770 2446 783 2464 S
806 2442 824 2473 ὁ
844 2441 944 2476 αὐτὸς
966 2441 1084 2475 S.O.v.
1112 2441 1213 2476 αὑτὸς
1233 2442 1273 2476 Y.
1304 2443 1403 2477 αὐτὸς
1426 2443 1543 2488 vulgo.
1574 2445 1674 2478 αυτὸς

153 2493 227 2527 Sine
248 2493 374 2539 spiritu
394 2494 436 2528 A.
549 2492 562 2517 t
582 2493 744 2539 ἔφευγεν]
769 2493 959 2538 ἐφεύγομεν
979 2507 1007 2529 r.
1121 2500 1135 2514 Β
1159 2495 1219 2538 τὴν
1238 2496 1358 2540 πόλιν]
1382 2498 1421 2538 τῇ
1441 2498 1539 2529 πόλει
1561 2509 1611 2541 pr.
1635 2497 1671 2531 S.

152 2552 171 2571 X
196 2547 232 2580 δέ
252 2559 272 2580 a
291 2559 338 2580 m.
359 2547 504 2592 antiqua
523 2546 694 2580 insertum
713 2547 750 2580 in
772 2547 808 2581 S.
992 2554 1010 2581 Y
1030 2548 1299 2594 περὶ-φέρειν]
1324 2550 1400 2593 περὶ
1420 2552 1673 2593 τοῦ-πρῶτον

151 2598 270 2644 φέρειν
289 2612 319 2635 r.
352 2600 620 2644 περὶ-λυθέντι
640 2600 676 2633 in
698 2600 854 2646 margine
874 2601 909 2634 k.
1102 2607 1119 2625 Ζ
1140 2601 1271 2647 δεήσει]
1296 2602 1400 2645 δεήσῃ
1421 2604 1462 2636 A.
1499 2602 1616 2646 δεήσοι
1637 2604 1670 2636 k.

152 2658 171 2677 a
189 2652 324 2698 ἁπάσῃ]
348 2654 442 2696 πάσῃ
463 2666 491 2687 s.
515 2659 549 2687 et
569 2654 805 2699 superscripto
825 2653 845 2686 ἁ
865 2655 906 2688 A.
1004 2650 1024 2678 b
1044 2654 1189 2700 πάθητε]
1213 2656 1355 2689 πάθοιτε
1374 2668 1401 2689 r.
1514 2662 1529 2679 ⁰
1550 2655 1670 2689 θέσθαι

151 2705 238 2751 δεῖν]
263 2706 333 2739 δεῖν
353 2706 473 2740 θέσθαι
492 2707 572 2740 A.k.
641 2703 661 2730 d
681 2706 790 2752 ἡμῶν]
816 2706 907 2750 ὑμῶν
926 2708 963 2740 k.
1033 2712 1048 2730 e
1069 2707 1186 2753 δόξης]
1211 2723 1247 2741 τε
1268 2710 1366 2752 δόξης
1386 2710 1465 2742 A.k.
1534 2705 1549 2731 f
1565 2708 1665 2753 ποτε]

149 2759 232 2792 ποτὲ
251 2758 472 2804 ἀλλοιότερον
486 2774 543 2805 γρ.
563 2760 597 2794 S.
633 2760 713 2794 Hoc
732 2760 858 2805 legisse
879 2760 1153 2795 Antiatticistam
1173 2762 1209 2794 iu
1231 2762 1383 2795 Bekkeri
1400 2761 1531 2795 Anecd.
1554 2774 1588 2806 p.
1608 2759 1667 2805 78,

154 2812 227 2850 28„
247 2812 308 2846 ubi
327 2812 502 2858 ἁλιότερον
522 2819 685 2859 corrupte
712 2814 881 2859 scriptum
908 2826 950 2848 ex
977 2814 1134 2848 oratione
1156 2815 1327 2860 Leptinea
1347 2821 1571 2854 memoratur,
1593 2815 1666 2847 ani-

149 2865 336 2899 madvertit
358 2865 566 2911 Spengelius
585 2866 621 2900 in
636 2867 732 2900 Actis
749 2867 944 2901 Academiae
962 2868 1137 2901 Ravaricae
1153 2869 1220 2902 vol.
1236 2879 1270 2913 3,
1291 2880 1318 2908 ι,
1334 2881 1368 2913 p.
1382 2868 1468 2912 164.
1554 2873 1574 2900 g
1594 2867 1666 2900 ἐθε-

147 2918 342 2964 λησόντων]
367 2918 604 2962 ἐθελησάντων
623 2920 705 2956 A.k.
804 2917 823 2944 h
845 2920 1052 2964 καταστήσει
1072 2921 1193 2955 A.S.k.
1225 2921 1425 2967 Legebatur
1444 2921 1545 2963 αὐτὴν
1565 2935 1665 2954 κατα-

149 2984 283 3015 στησει.

868 3038 893 3062 D
920 3036 942 3064 ’Ζ
