1954 3273
194 159 278 201 628
739 164 1166 202 ΔΗΜΟΣΘΕΝΟὙΣ
1260 162 1342 201 On.
1366 162 1533 202 XXII.
1555 177 1597 217 p.
1611 163 1710 216 598,
1727 179 1824 204 23—

194 272 349 337 βουλὴ
375 274 565 339 γέγονεν
590 275 712 325 αἰτία
745 279 827 324 τοῦ
853 273 916 337 μὴ
942 276 1230 337 πεποιῆσθαι
1268 273 1350 327 τὰς
1389 280 1512 336 ναῦς,
1538 276 1648 325 ἀλλ’
1677 277 1702 326 ὁ

194 361 289 407 τῶν
314 362 623 424 τριηροποιῶν
648 359 814 421 ταμίας
849 357 1057 423 ἀποδρὰς
1095 356 1242 426 ᾤχετο
1280 358 1399 424 ἔχων
1434 358 1560 409 πένθ’
1589 359 1699 422 ἡμι-

130 457 180 486 22
195 439 419 502 τάλαντα,
470 443 545 491 καὶ
607 441 661 491 τὸ
718 445 915 506 πρᾶγμα
965 439 1182 506 ἀτύχημα
1233 441 1547 505 συμβέβηκεν.
1611 442 1703 507 ἐγὼ
1718 462 1755 494 ²5
1899 397 1915 501 ί

195 523 244 574 δὲ
268 529 456 590 πρῶτον
481 524 565 587 μὲν
591 523 703 574 αὐτὸ
728 530 866 575 τοῦτο
893 523 1125 589 θαυμάζω,
1152 529 1189 575 εἰ
1214 532 1481 592 στεφανοῦν
1511 528 1587 577 ἐπὶ
1611 532 1706 580 τοῖς

195 607 525 674 “ἠτυχημένοις
561 606 693 675 ἠξίου
725 605 812 670 τὴν
846 607 1043 671 βουλήν·
1085 612 1179 658 τῶν
1205 609 1588 674 κατορθουμένων
1613 610 1706 676 γὰρ

195 691 379 756 Χὲγωγε
432 691 643 756 ἡγούμην
693 691 842 756 ἔργων
893 690 976 744 τὰς
1032 691 1248 745 τοιαύτας
1300 693 1499 758 ὡρίσθαι
1551 693 1702 757 τιμάς·

195 773 352 825 ἔπειτα
389 774 463 824 )’δὲ
501 776 683 825 κάκεῖνο
728 773 794 824 ἔτι
827 773 1064 837 βούλομαι
1100 773 1285 842 φράσαι
1324 774 1442 841 πρὸς
1478 777 1608 838 ὑμᾶς.
1653 779 1713 828 οὔ

129 877 181 920 23
197 861 318 925 φημι
345 859 520 908 δίκαιον
555 855 669 908 εἶναι
709 859 814 924 περὶ
845 860 1023 924 ἀμφοῖν
1049 857 1215 923 λέγειν,
1243 860 1305 911 ὡς
1342 865 1359 884 ²
1376 859 1430 909 οὐ
1460 859 1590 924 παρὰ
1624 859 1800 916 τὸν599
1907 885 1920 958 ι

195 941 338 1005 νόμον
364 942 391 1005 ἡ
418 941 568 1008 δωρεὰ
594 942 788 1003 δέδοται,
815 942 891 991 καὶ
917 944 979 994 ὡς
1010 942 1062 991 οὐ
1091 940 1167 992 διὰ
1191 940 1277 1005 τὴν
1311 940 1495 1005 βουλὴν
1527 943 1610 993 οὐκ
1648 947 1708 993 εἶ-

193 1027 274 1076 σῖν
307 1029 353 1076 αἱ
378 1025 589 1092 τριήρεις.
629 1028 667 1075 εἱ
705 1024 789 1088 μὲν
824 1024 918 1090 γὰρ
958 1024 1132 1075 διδόναι
1168 1026 1243 1075 καὶ
1280 1024 1344 1088 μὴ
1380 1026 1708 1094 ἃποιησαμένῃ

538 1107 556 1135 b

192 1108 437 1175 προσήκει,
462 1109 511 1159 τί
573 1114 711 1159 τοῦτο
747 1112 817 1159 δεῖ
849 1108 1017 1173 λέγειν,
1045 1109 1098 1159 δι’
1129 1107 1286 1159 ὅντινα
1321 1108 1493 1172 δήποτε
1528 1111 1581 1160 οὐ
1618 1133 1704 1161 πε-

269 1194 279 1209 l
508 1196 517 1210 9
584 1193 593 1208 5
662 1193 672 1207 3
741 1192 793 1219 c'l
1009 1193 1020 1209 Ι
1097 1196 1115 1205 ³*
1292 1191 1309 1211 ,Χ
1422 1192 1434 1208 Χ
1508 1193 1521 1208 X
1637 1198 1655 1207 a

193 1215 444 1256 ποιηνται;
482 1215 519 1243 ει
556 1195 583 1242 δ
623 1215 706 1243 ουκ
766 1193 935 1260 εξεστι,
972 1215 1015 1242 τι
1053 1199 1255 1255 μαλλον,
1282 1216 1340 1242 αν
1366 1196 1442 1243 δια
1476 1216 1558 1243 τον
1583 1197 1736 1244 δεινα5

194 1275 224 1340 ἢ
263 1276 345 1328 τὸν
381 1280 506 1328 δεῖνα
548 1277 754 1345 ἐπιδείξῃ
794 1275 858 1340 μὴ
901 1277 1226 1340 πεποιημένας,
1272 1277 1418 1344 ἐκείνῃ
1462 1276 1480 1303 ‘¹

1496 1281 1709 1343 προσῆκε

130 1375 185 1414 24
196 1365 392 1421 λαβεῖν;
433 1362 576 1427 χωρὶς
602 1359 648 1410 δὲ
675 1359 852 1410 τούτων
879 1359 1034 1424 ἔμοιγε
1061 1361 1282 1409 δοκοῦσιν
1313 1360 1492 1426 αἵρεσιν
1528 1362 1634 1422 ὑμῖν
1669 1364 1711 1411 οἱ
1920 1389 1927 1433 θ

194 1449 393 1494 τοιοῦτοι
429 1445 567 1508 λόγοι
606 1442 794 1505 διδόναι,
821 1443 975 1508 πότερ’
1005 1442 1182 1493 Εοῖεσθε
1210 1446 1303 1493 δεῖν
1327 1443 1596 1511 προφάσεις
1635 1446 1712 1494 καὶ
1936 1444 1939 1452 ¹

195 1527 370 1592 λόγους
408 1528 588 1578 ἀκούειν
626 1532 720 1577 τῶν
754 1526 1037 1577 ἀδικούντων
1074 1528 1190 1588 ὑμᾶς
1224 1525 1253 1590 ὴ
1294 1533 1403 1580 ναῦς
1442 1530 1709 1590 κεκτῆσθαι.

192 1615 233 1662 εὶ
270 1611 356 1675 μὲν
393 1611 486 1678 γὰρ
523 1611 690 1662 τούτου
723 1615 852 1661 ταῦτ’
889 1610 1191 1678 ἀποδέξεσθε,
1227 1610 1361 1660 ἔσται
1396 1613 1541 1674 δῆλον
1578 1610 1706 1662 ‹imi-
1726 1631 1764 1652 ¹0

195 1718 305 1749 σαις
346 1700 446 1748 ταῖς
488 1699 686 1756 βουλαῖς
731 1694 802 1745 ὅτι
842 1698 913 1745 δεῖ
952 1694 1202 1762 πρόφασιν
1241 1692 1467 1758 ἴπιθανὴν
1512 1695 1712 1763 ἐξευρεῖν

193 1779 314 1844 πρὸς
353 1781 483 1842 ὑμᾶς,
524 1780 626 1846 οὐχὶ
660 1778 892 1844 ἔτριήρεις
925 1776 1238 1842 ποιήσασθαι·
1282 1779 1330 1828 ἐκ
1364 1777 1412 1828 δὲ
1444 1777 1611 1829 τούτου
1651 1777 1710 1829 τὰ

195 1863 282 1927 μὲν
332 1863 552 1931 χρήματα
603 1862 975 1926 ἀναλωθήσεται,
1018 1868 1128 1916 ναῦς
1173 1861 1220 1913 δὲ
1262 1864 1348 1929 οὐχ
1386 1862 1510 1930 ἕξετε
1563 1864 1706 1926 ὑμεῖς.

130 1962 182 2004 25
197 1947 276 1998 ἐὰν
315 1951 371 2010 δ’,
398 1950 459 2001 ὡς
494 1949 519 1998 ὁ
559 1946 699 2011 νόμος
743 1947 870 2013 λέγει
909 1949 984 1997 καὶ
1026 1949 1098 1997 δεῖ
1132 1945 1239 2000 τοὺς
1285 1946 1601 2010 ὀμωμοκότας,
1632 1970 1709 1997 πι-

197 2037 318 2096 κρῶς
357 2034 431 2082 καὶ
467 2033 632 2084 ἁπλῶς
666 2030 750 2085 τὰς
783 2029 868 2093 μὲν
901 2029 1166 2097 προφάσεις
1206 2029 1412 2093 ἀνέλητε,
1442 2033 1620 2096 φανῆτε
1661 2029 1759 2082 δὲιε

196 2114 486 2183 ἀφῃρημένοι
518 2113 603 2178 τὴν
629 2113 804 2181 δωρεὰν
829 2113 899 2164 ὅτι
925 2112 1007 2167 τὰς
1034 2119 1143 2167 ναῦς
1170 2114 1223 2163 οὐ
1248 2113 1565 2177 11πεποίηνται,
1591 2113 1709 2165 πάν-

196 2222 286 2260 τες,
325 2197 361 2248 ὦ
398 2199 561 2263 ἄνδρες
591 2199 845 2261 Ἀθηναῖοι,
884 2197 1193 2260 πεποιημένας
1229 2198 1333 2262 ὑμῖν
1367 2197 1710 2264 παραδώσουσι

197 2280 281 2334 τὰς
307 2279 519 2345 τριήρεις,
544 2279 700 2330 πάντα
725 2279 885 2329 τᾶλλα
910 2284 1022 2344 παρ’
1052 2281 1157 2343 ὑμῖν
1185 2279 1443 2345 ἰἑορακότες
1469 2281 1704 2332 ἀσθενέσ-

198 2387 310 2430 τερα
347 2370 430 2414 τοῦ
467 2362 612 2427 νόμου
638 2363 938 2428 γεγενημένα.
983 2362 1052 2413 ὅτι
1089 2364 1244 2414 τοίνυν
1271 2365 1362 2414 οὐδ’
1392 2363 1534 2418 α’ίτιος
1559 2365 1710 2419 ἄλλος
1723 2389 1763 2411 20

199 2448 344 2501 οὐδεὶς
365 2447 624 2513 ἀνθρώπων
646 2445 773 2497 Ᾰέστὶ
800 2453 882 2497 τοῦ
901 2445 966 2510 μὴ
986 2449 1272 2509 πεποιῆσθαι
1292 2445 1376 2500 τὰς
1397 2452 1520 2509 ναῦς,
1547 2446 1712 2499 1(τοῦτο

255 2593 276 2612 ¹¹
295 2587 530 2633 ἠτυχημένοις]
556 2586 822 2632 ἢτυχησομένοις
841 2594 867 2622 t.
1009 2597 1024 2614 λ
1046 2590 1152 2634 ἔγωγε
1174 2588 1322 2635 ἡγούμην
1341 2588 1464 2634 ἔργων]
1488 2590 1586 2635 ἔργον
1605 2591 1712 2635 ἔγωγε

200 2641 344 2686 ἡγοῦμαι
364 2642 443 2675 A.k.
555 2646 569 2669 )’
591 2641 626 2674 δέ
648 2641 764 2674 addidi
784 2654 825 2675 ex
846 2642 997 2676 A.S.k.r.
1110 2650 1125 2667 ’Λ
1145 2644 1184 2676 οὐ
1203 2642 1310 2687 παρὰ]
1336 2644 1387 2676 καὶ
1407 2643 1496 2687 παρὰ
1516 2655 1568 2688 pr.
1593 2643 1628 2677 S.
1660 2644 1713 2677 καὶ

199 2695 240 2728 οὐ
255 2695 345 2740 παρὰ
366 2707 394 2729 r.
425 2694 515 2738 παρὰ
533 2700 594 2728 t.V.
707 2699 725 2718 a
744 2694 972 2741 ποιησαμένῃ]
995 2697 1244 2739 ποιησαμένους
1263 2698 1303 2744 rs!
1413 2692 1432 2720 b
1452 2698 1553 2729 τοῦτο
1573 2696 1640 2742 δεῖ]
1663 2697 1715 2730 δεῖ

1455 2759 1480 2777 ΕΙ

200 2783 302 2815 τοῦτο
322 2782 400 2815 A.k.
485 2786 500 2806 ⁰
520 2780 652 2826 ἔξεστι]
676 2782 811 2825 ἔξεστιν
831 2783 934 2816 αἰτεῖν
955 2783 992 2817 F.
1087 2780 1105 2807 d
1126 2782 1295 2828 προσῆκε]
1320 2783 1471 2827 προσῆκε
1492 2794 1517 2815 ι’.
1548 2781 1712 2827 προσῆκει

200 2835 327 2870 A.F.k.
413 2840 428 2859 ⁰
452 2833 581 2879 οἴεσθε]
604 2833 737 2868 οἴεσθαι
758 2848 788 2869 v.
874 2833 888 2859 f
904 2835 1062 2881 πιθανὴν]
1089 2836 1200 2879 ἱκανὴν
1219 2848 1247 2869 s.
1278 2836 1436 2881 προφανῆ
1456 2847 1483 2869 r.
1578 2840 1598 2868 g
1617 2835 1709 2880 τριή-

199 2887 285 2933 ρεις]
310 2887 456 2933 τριήρεις
475 2888 586 2922 καινὰς
605 2888 717 2922 A.k.l·.
847 2886 865 2912 ¹¹
887 2887 1101 2934 πεποίηνται]
1125 2889 1303 2932 πεποίηται
1323 2901 1354 2922 v.
1487 2885 1496 2912 i
1517 2888 1708 2934 ἑορακότες]

203 2940 427 2975 scribebatur
447 2942 638 2986 ἑωρακότες.
771 2938 783 2973 j
806 2941 901 2975 ἐστὶν
920 2948 1001 2975 ante
1021 2942 1129 2977 οὐδεὶς
1150 2941 1341 2988 2x.l³.k.g.xv.
1479 2937 1498 2965 k
1520 2940 1638 2987 τοῦτο]
1661 2942 1713 2975 καὶ

202 2995 305 3027 τοῦτο
325 2994 547 3029 A.F.k.r.t.V.
1289 2997 1292 3000 ”
