1954 3273
209 171 293 211 502
755 177 1182 215 ΔΗΜΟΣΘΕΝΟΎΣ
1362 175 1444 214 On.
1462 175 1573 215 XX.
1598 191 1637 231 p.
1654 177 1754 228 476,
1774 193 1850 217 ⁵-

210 306 294 349 pov
320 284 400 335 οὖν
425 289 615 348 μᾶλλον
639 285 728 336 ἔδει
753 309 824 348 σε,
851 285 888 337 ὦ
915 288 1135 351 Λεπτίνη,
1161 286 1267 340 τοὺς
1292 287 1499 354 ἐχθροὺς,
1525 292 1562 339 εἰ
1587 288 1719 357 δύνα-
1737 311 1754 339 5

211 390 308 428 σαι,
347 374 508 419 πεῖσαι
546 368 651 423 τοὺς
688 371 762 420 ἐπὶ
795 375 889 423 τοῖς
926 369 1045 436 πρὸς
1079 371 1229 434 Ρὴμᾶς
1264 370 1521 435 ἀδικήμασι
1558 395 1720 437 γιγνο-

211 451 375 513 με’νους
402 453 620 502 (ἷέκείνων
647 453 885 518 εὐεργέτας
919 453 983 517 μὴ
1015 459 1166 517 τιμᾶν,
1194 452 1222 518 ὴ
1257 458 1401 505 θεῖναι
1439 455 1583 518 νόμον
1618 456 1727 518 ἡμῖν

213 533 264 588 ὃς
301 540 394 585 τῶν
438 540 562 588 Γτοῖς
606 536 841 601 ἡμετέροις
881 537 1140 603 εὐεργέταις
1184 539 1501 604 ὑπαρχουσῶν
1542 541 1727 604 δωρεῶν

213 620 482 686 ἀφαιρεῖταί
529 641 607 680 τι;
663 618 754 684 ἐγὼ
805 618 888 683 μὲν
938 621 1081 670 ἐκεῖνο
1132 619 1329 682 Ξοῖὀμαι.
1375 622 1484 670 ἀλλ’
1538 621 1614 671 ἵνα
1661 620 1728 684 μὴ

211 702 373 768 πόρρω
414 708 498 753 τοῦ
535 703 768 769 παρόντος
808 704 1026 768 γένωμαι,
1071 702 1214 764 ἵλαβὲ
1257 703 1316 753 τὰ
1355 705 1654 772 ψηφίσματα
1697 702 1782 754 ἂιο

211 790 308 838 τοῖς
335 787 535 840 Θασίοις
561 789 638 837 καὶ
662 786 928 852 Βυζαντίοις
954 786 1152 855 ἐγράφη.
1192 787 1317 852 λε’γε.

786 887 1155 929 ΨΗΦΙΣΜΑΤΑ.

147 979 201 1020 72
287 957 558 1008 Ἠκούσατε
595 957 681 1020 μὲν
706 963 800 1009 τῶν
827 958 1172 1027 ψηφισμάτων,
1199 957 1235 1009 ὦ
1267 961 1429 1025 ἄνδρες
1463 962 1726 1021 “δικασταὶ,

213 1041 390 1093 τούτων
425 1043 462 1092 δ’
492 1042 608 1096 ἴσως
648 1042 757 1092 ε”νιοι
795 1047 889 1093 τῶν
915 1045 1097 1108 ἀνδρῶν
1132 1043 1274 1093 οὐκέτ’
1304 1044 1435 1095 εἰσίν.
1476 1043 1606 1093 ἀλλὰ
1632 1043 1728 1094 Χτόι
1745 1065 1780 1096 15

214 1126 330 1192 ἔργα
381 1125 440 1176 τὰ
481 1125 735 1193 πραχθέντ’
781 1126 962 1189 Υέστιν,
1014 1126 1259 1193 ἐπειδήπερ
1313 1125 1448 1195 ἅπαξ
1495 1127 1722 1195 ἐπράχθη.

213 1208 442 1275 προσήκει
481 1210 636 1260 τοίνυν
662 1210 745 1263 τὰς
772 1210 957 1274 στήλας
992 1212 1162 1264 ταύτας
1197 1211 1355 1277 κυρίας
1392 1213 1470 1261 ἐᾶν
1496 1209 1578 1261 τὸν
1602 1211 1727 1261 πάν-

215 1316 275 1344 τα
309 1293 493 1360 χρόνον,
525 1294 598 1356 ἵν’,
632 1294 715 1348 ἕως
755 1293 839 1357 μὲν
874 1295 961 1345 Ζοἷν
994 1318 1113 1348 τινες
1149 1294 1278 1360 ζῶσι,
1315 1294 1458 1358 μηδὲν
1496 1296 1572 1362 ὑφ’
1603 1296 1733 1357 ὑμῶν

216 1379 477 1439 ἀδικῶνται,
529 1377 712 1428 ἐπειδὰν
762 1377 809 1429 δὲ
859 1378 1223 1443 τελευτήσωσιν,
1274 1381 1453 1429 ἢέκεῖνα
1504 1384 1586 1428 τοῦ
1649 1381 1732 1441 τῆς

216 1460 400 1515 πόλεως
443 1461 582 1524 ἤθους
626 1467 846 1525 μνημεῖον
894 1460 998 1524 ῶσι,
1039 1463 1114 1512 καὶ
1152 1462 1511 1528 παραδείγματα
1553 1463 1732 1512 ἑστῶσι
1747 1492 1787 1514 20

912 1546 1058 1610 ὒὺμᾶς
1083 1547 1278 1612 ἀγαθὸν,
1304 1554 1320 1573 ⁰
1337 1547 1477 1600 ὅσους
1513 1548 1562 1597 εὖ
1591 1545 1728 1610 ποιή-

216 1551 313 1599 τοῖς
337 1547 644 1608 βουλομένοις
670 1570 714 1597 τι
740 1552 886 1597 ποιεῖν

151 1645 202 1689 73
219 1653 396 1684 σαντας
437 1631 464 1694 ἡ
498 1631 638 1684 πόλις
674 1632 769 1681 ἀντ’
799 1631 848 1681 εὖ
880 1631 1143 1695 πεποίηκεν.
1188 1633 1262 1681 καὶ
1299 1630 1393 1695 μὴν
1427 1635 1535 1695 μηδ’
1567 1629 1734 1681 de’xefv’

219 1717 349 1779 ὑμᾶς,
391 1713 428 1765 ὦ
470 1715 633 1780 ἄνδρες
674 1715 953 1778 ἓἈθηναῖοι,
997 1715 1283 1773 λανθανέτω,
1325 1715 1395 1766 ὅτι
1439 1720 1531 1765 τῶν
1573 1715 1734 1781 αἰσχί-

219 1823 351 1850 στων
385 1801 488 1850 ἐστὶ
522 1798 702 1852 πάντας
730 1799 1004 1865 ἀνθρώπους
1043 1803 1151 1850 ἰδεῖν
1187 1801 1261 1849 καὶ
1295 1802 1496 1849 ἀκοῦσαι
1533 1797 1617 1851 τὰς
1651 1797 1736 1861 μὲν

771 1883 915 1946 ῐὺμᾶς
966 1883 1232 1950 ἐχρήσαντο
1285 1887 1327 1934 οἱ
1379 1883 1543 1949 ἄνδρες
1594 1882 1785 1946 οὗτοι,α5

219 1883 488 1953 συμφορὰς,
539 1883 611 1938 αἶς
662 1885 716 1934 δι’

219 1968 375 2020 πάντα
418 1968 537 2019 ἔτὸν
581 1967 752 2035 χρόνον
792 1969 950 2034 κυρίας
994 1969 1148 2022 αὐτοῖς
1192 1968 1514 2032 γεγενημένας,
1560 1965 1642 2020 τὰς
1687 1966 1735 2016 δὲ

221 2053 411 2119 δωρεὰς,
440 2051 494 2106 ἃς
530 2055 632 2103 ἀντὶ
666 2053 845 2103 τούτων
880 2053 1056 2113 ἔλαβον
1089 2053 1197 2117 παρ’
1227 2053 1368 2115 ὑμῶν,
1396 2054 1472 2102 καὶ
1506 2049 1563 2115 δὴ
1596 2059 1736 2101 λελυ-

155 2156 209 2201 74
221 2138 377 2202 με’νας.
431 2136 558 2188 πολὺ
605 2136 698 2202 γὰρ
738 2141 928 2200 μᾶλλον
974 2136 1172 2201 ἥρμοττε
1212 2134 1272 2185 τὰ
1323 2133 1517 2185 δοθέντα
1567 2136 1738 2187 ἐῶντας

221 2227 316 2273 τῶν
341 2220 654 2288 ἀτυχημάτων
680 2223 909 2289 ἀφαιρεῖν,
936 2219 964 2284 ἦ
993 2219 1170 2271 τούτων
1194 2218 1429 2283 μενόντων
1454 2218 1537 2271 τὰς
1564 2217 1739 2284 δωρεὰς

223 2307 542 2374 ἀφαιρεῖσθαι.
586 2305 696 2372 φέρε
742 2303 836 2370 γὰρ
885 2304 1004 2370 πρὸς
1049 2302 1177 2365 Διὸς,
1223 2304 1291 2356 τίς
1335 2301 1466 2353 ε”στιν
1511 2302 1643 2356 ὅστις
1690 2302 1832 2364 εῧ477

223 2395 370 2442 ποιεῖν
406 2391 522 2453 ὑμᾶς
556 2387 876 2453 11βουλήσεται
902 2388 1107 2452 μέλλων,
1133 2385 1209 2438 ἱόἶν
1241 2386 1352 2449 Ι(μὲν
1378 2386 1604 2454 ἀποτύχῃ,
1640 2409 1734 2437 πα-

280 2559 296 2584 Ρ
317 2553 418 2598 ἡμᾶς]
442 2554 525 2598 ὑμᾶς
545 2559 570 2588 t.
681 2559 699 2586 q
720 2553 868 2600 ἐκείνων]
894 2554 1018 2588 ἐκεῖνον
1037 2566 1063 2587 r.
1191 2560 1203 2579 Γ
1223 2552 1399 2598 τοῖς-τι]
1422 2552 1590 2596 ἡμετέρων
1609 2552 1743 2598 εὐεργε-

164 2615 168 2619 “
226 2611 293 2642 τῶν
311 2609 371 2643 τὰς
397 2606 619 2652 ὑπαρχούσας
639 2607 765 2652 δωρεὰς
784 2607 1013 2652 ἀφαιρήσεται
1033 2607 1114 2640 A.k.
1137 2612 1172 2640 et
1191 2621 1245 2652 γρ.
1270 2607 1304 2640 S.
1339 2605 1568 2651 ἀφαιρήσεταί
1587 2606 1692 2640 etiam
1712 2618 1740 2639 r.

228 2667 242 2686 S
263 2660 392 2706 οἴομαι]
417 2658 508 2704 οἶμαι
529 2662 570 2694 Α.
681 2659 695 2684 t
714 2661 799 2701 λαβέ
820 2661 887 2694 k.r.
918 2662 1005 2701 λάβε
1024 2660 1142 2705 vulgo.
1174 2661 1330 2693 Accentu
1351 2666 1445 2693 caret
1464 2661 1505 2693 A.
1612 2665 1632 2684 U
1652 2659 1743 2693 δικα-

227 2716 309 2748 σταὶ
329 2727 399 2749 om.
422 2715 456 2747 k.
568 2719 587 2737 Χ
608 2713 667 2759 τὰ]
692 2713 766 2759 τόγ’
788 2714 867 2747 A.k.
982 2720 1001 2746 Υ
1021 2713 1134 2759 ἔστιν]
1160 2713 1248 2747 εἰσίν
1267 2714 1302 2747 k.
1423 2718 1441 2737 Ζ
1461 2713 1501 2746 ἄν
1521 2713 1564 2747 ab
1584 2713 1661 2753 alia,
1683 2712 1744 2746 sed

227 2768 372 2814 antiqua
391 2779 437 2801 m.
459 2767 564 2801 habet
585 2767 620 2801 S.
710 2772 728 2791 a
750 2793 758 2806 ,
781 2766 916 2812 ἐκεῖναι]
942 2767 1072 2806 ἐκεῖνοι,
1093 2768 1174 2801 A.k.
1278 2766 1294 2787 ¹³
1314 2781 1346 2799 τι
1365 2780 1403 2801 π.
1425 2766 1475 2813 ὑ.]
1501 2767 1530 2800 ὑ.
1552 2780 1584 2799 τι
1603 2780 1641 2800 π.
1663 2766 1743 2799 A.k.

228 2825 241 2842 ⁶
263 2821 366 2856 ὅσους
387 2821 422 2855 S.
455 2820 498 2856 ὡς
518 2820 596 2856 τοὺς
616 2821 694 2853 A.k.
726 2820 924 2865 Legebatur
944 2820 995 2854 ὅτι
1015 2819 1105 2855 τούς.
1269 2816 1288 2844 d
1309 2820 1431 2867 ἐκεῖνο]
1455 2820 1559 2853 ἐκεῖνό
1578 2834 1617 2865 γε
1638 2820 1742 2853 F.t.V.

229 2880 245 2899 θ
264 2873 452 2921 Ἀθηναῖοι]
475 2874 631 2908 δικασταὶ
651 2880 827 2907 correctus
847 2886 867 2908 a
887 2886 931 2908 m.
954 2886 1019 2907 rec.
1046 2874 1082 2907 S.
1211 2870 1226 2897 f
1244 2873 1344 2919 ὑμᾶς]
1370 2873 1453 2917 ἡμᾶς
1474 2874 1510 2908 k.
1639 2878 1660 2906 g
1686 2873 1746 2905 τὸν

228 2933 308 2962 ante
329 2929 437 2961 πάντα
458 2928 556 2974 ponit
576 2939 603 2961 r.
625 2938 693 2961 om.
716 2939 744 2961 s.
829 2926 842 2946 ¹¹
863 2926 1091 2972 βουλήσεται]
1116 2925 1151 2960 εὖ
1170 2926 1382 2970 βουλήσεται
1403 2939 1429 2960 s.
1515 2923 1523 2950 i
1542 2923 1600 2971 ἂν]
1625 2926 1682 2959 ἐὰν
1701 2926 1743 2959 Α.

229 2977 249 3005 k
269 2982 330 3024 μὲν
349 2993 418 3015 om.
440 2982 474 3016 k.
494 2987 574 3015 ante
594 2978 634 3014 ἂν
653 2980 752 3026 ponit
773 2993 798 3013 s.
