1954 3273
215 171 299 210 810
734 167 1197 223 [ΔΗΜΟΣΘΕΝΟΥΣ]
1323 169 1407 207 Oa.
1427 168 1580 207 XXV.
1601 138 1642 222 ᾖ).
1665 178 1758 220 775,
1777 182 1854 205 4—

217 281 310 347 γὰρ
335 283 393 332 αὖ
418 283 540 332 τοῦτ’
571 282 702 332 ἔστιν
727 286 886 343 εἰπεῖν,
917 283 979 334 ὡς
1005 281 1074 346 ἄρ’
1103 282 1151 331 ἐκ
1190 280 1368 331 τούτων
1392 279 1551 330 ᾳούδὲν
1577 281 1605 343 ἡ
1638 278 1729 330 πό-

218 373 293 418 λις
342 363 624 426 βλάπτεται.
689 364 781 429 ἐγὼ
829 363 937 430 γὰρ,
990 363 1060 414 ὅτι
1108 363 1192 426 μὲν
1243 362 1382 414 πάντ’
1433 363 1762 415 ιὀἰπόλλυται5

220 448 279 498 τὰ
328 451 442 512 8τῆς
490 448 675 502 πόλεως
726 446 999 514 ὀφλήματα,
1051 451 1088 497 εἰ
1139 446 1198 497 τὰ
1242 447 1408 496 τούτου
1452 446 1738 513 σοφίσματα

219 531 562 600 προσδέξεσθε,
590 534 666 581 καὶ
693 531 776 591 ὅτι,
803 534 840 580 εἰ
867 530 958 596 ἄρα
985 532 1055 580 δεῖ
1082 529 1209 582 τινὰς
1244 531 1292 580 ἐκ
1328 534 1422 580 τῶν
1449 529 1739 597 ὀφειλόντων

1106 615 1120 631 N

221 614 446 682 to'choe'vat,
484 613 591 666 τοὺς
635 612 1005 665 ἐπιεικεστάτους
1048 636 1124 663 και
1165 614 1476 673 “βελτίστους
1515 614 1591 662 καὶ
1631 610 1739 664 τοὺς

223 699 296 747 ἐπὶ
334 701 428 749 τοῖς
468 696 641 758 ἥκιστα
679 697 839 747 δεινοῖς
879 693 1174 760 ὠφληκότας,
1209 694 1400 747 τούτους
1438 693 1620 760 ἀφιέναι
1659 696 1737 754 δεῖ,
1753 720 1791 741 10

224 780 327 845 οὐχὶ
353 777 434 828 τὸν
465 777 787 842 πονηρότατον
821 779 896 827 καὶ
930 780 1122 826 πλεῖσθ’
1151 776 1451 843 ἡμαρτηκότα
1489 778 1563 826 καὶ
1599 779 1742 825 δικαι-

159 884 208 912 22
225 862 348 912 ότατ’
378 860 638 929 ὠφληκότα
677 863 751 910 καὶ
786 863 860 911 ἐπὶ
896 866 1017 913 Χτοῖς
1051 860 1328 913 δεινοτάτοις
1357 862 1426 924 (τί
1447 860 1540 925 γὰρ
1575 859 1632 910 ἂν
1657 859 1739 924 γέ-

227 968 350 995 νοιτο
376 944 699 1011 συκοφαντίας
734 946 809 993 καὶ
834 944 1128 1009 παρανομίας
1157 943 1429 1009 δεινότερον,
1456 944 1526 1010 ἐφ’
1556 942 1622 996 οἷς
1647 945 1741 1004 ἀμ-

227 1028 440 1096 φοτέροις
498 1027 631 1079 οὗτος
689 1024 912 1093 ὤφληκεν
936 1032 970 1094 3)
1033 1029 1107 1075 καὶ
1152 1025 1221 1076 ὅτι
1265 1027 1357 1076 οὐδ’
1406 1031 1443 1076 εὶ
1488 1030 1609 1076 πᾶσι
1652 1029 1748 1078 τοῖς

227 1111 437 1172 Υόίλλοις,
466 1111 568 1176 οὐχὶ
603 1114 669 1178 τῷ
703 1109 961 1178 βιαζομένῳ
989 1109 1139 1173 δήπου
1166 1112 1480 1176 συγχωρῆσαι
1514 1108 1744 1175 προσήκει
1759 1130 1794 1160 15

231 1196 386 1260 (ὕβρις
421 1192 515 1259 γὰρ
541 1200 557 1218 ²
577 1191 632 1256 δὴ
659 1192 797 1243 τοῦτό
831 1200 924 1261 γε),
959 1199 977 1218 a
995 1195 1069 1243 καὶ
1095 1192 1251 1243 πάντα
1289 1192 1348 1242 τὰ
1382 1197 1573 1242 τοιαῦτα
1598 1191 1742 1242 ἐάσω·

230 1279 340 1328 ἀλλ’
372 1277 442 1327 ὅτι
468 1275 579 1326 hm}
617 1281 709 1330 πᾶς
745 1277 770 1326 ὁ
802 1280 884 1340 τῆς
922 1275 1105 1329 πόλεως
1145 1279 1219 1326 καὶ
1255 1280 1348 1326 τῶν
1375 1274 1530 1339 νόμων
1557 1276 1748 1338 κόσμος,

231 1359 268 1410 ὦ
308 1361 471 1426 ἄνδρες
508 1361 764 1422 Ἀθηναῖοι,
797 1359 1165 1424 συνταράττεται
1200 1361 1275 1409 καὶ
1311 1360 1625 1427 διαφθείρεται
1662 1358 1748 1409 13τὸ

393 1441 412 1468 d

234 1443 353 1493 κατὰ
428 1447 608 1503 τοῦτον,
647 1444 721 1491 καὶ
761 1447 886 1493 τοῦτ’
928 1440 1054 1504 οἶμαι
1097 1447 1269 1510 σαφῶς
1314 1443 1453 1505 Εὑμῖν
1493 1441 1746 1510 ἐπιδείξειν.
1761 1467 1802 1489 20

650 1524 665 1550 f

170 1550 218 1591 23
235 1527 359 1595 λέξω
410 1526 458 1576 δὲ
503 1527 606 1576 οὔτε

680 1525 838 1576 καινὸν
889 1526 992 1575 οὔτε
1044 1524 1261 1589 περιττὸν
1305 1526 1437 1576 οὐδὲν
1481 1527 1572 1577 οὔτ’
1621 1526 1750 1587 ἰ’διον,

236 1611 346 1659 ἀλλ’
386 1608 410 1659 ὃ
444 1608 616 1661 πάντες
658 1610 783 1671 ὑμεῖς
818 1608 920 1658 ἰ’στε
956 1610 1124 1671 ὁμοίως
1160 1610 1274 1671 ἐμοί.
1318 1613 1354 1659 εἰ
1393 1609 1486 1675 γάρ
1523 1632 1592 1662 τις
1626 1610 1754 1672 ὑμῶν

234 1691 455 1760 ἐξετάσαι
490 1691 726 1753 βούλεται,
760 1692 809 1741 τί
842 1693 944 1742 ποτ’
981 1693 1083 1741 ἐστὶ
1119 1691 1172 1741 τὸ
1208 1692 1354 1742 α’ίτιον
1386 1695 1460 1742 καὶ
1499 1691 1553 1742 τὸ
1591 1697 1756 1742 ποιοῦν

235 1774 320 1839 τὴν
359 1773 542 1838 βουλὴν
578 1775 921 1839 συλλέγεσθαι,
964 1774 1046 1825 τὸν
1089 1778 1236 1838 δῆμον
1275 1780 1336 1828 εἰς
1371 1775 1457 1838 τὴν
1497 1775 1754 1838 ἐκκλησίαν

1357 1858 1370 1875 ἱ

237 1860 519 1922 ἀναβαίνειν,
553 1858 612 1909 τὰ
651 1859 930 1924 δικαστήρια
968 1863 1285 1924 πληροῦσθαι,
1316 1882 1399 1911 τας
1438 1859 1568 1912 ςἕνας
1607 1856 1754 1924 ἀρχὰς
1768 1885 1805 1916 25

1047 1941 1068 1968 h

237 1947 334 1995 ταῖς
377 1943 496 1995 νέαις
536 1941 734 1996 ἑκούσας
775 1943 1021 2011 ὑπεξιέναι,
1084 1945 1160 1992 καὶ
1186 1942 1341 1993 πάντα
1372 1944 1425 1992 δι’
1454 1940 1517 1992 ὧν
1552 1942 1580 2005 ἡ
1615 1941 1754 1994 πόλις

238 2026 453 2076 Ῐοὶκεῖται
503 2028 579 2076 καὶ
629 2025 827 2091 σώζεται
882 2026 1144 2090 γίγνεσθαι,
1195 2024 1302 2078 τοὺς
1354 2025 1521 2087 νόμους
1572 2024 1759 2091 εὑρήσει

241 2109 259 2134 k
277 2110 454 2160 τούτων
486 2111 658 2163 αἰτίους
696 2112 771 2160 καὶ
806 2110 861 2160 τὸ
896 2110 1077 2163 τούτοις
1117 2109 1327 2162 ἅπαντας
1366 2110 1628 2170 πείθεσθαι,
1664 2110 1760 2160 ἐπεὶ

1737 2190 1759 2207 U

176 2210 229 2248 24
242 2191 476 2242 λυθέντων
517 2215 571 2257 γε
616 2191 807 2253 τούτων,
854 2194 929 2242 καὶ
972 2192 1158 2259 ἑκάστῳ
1202 2192 1418 2254 δοθείσης
1469 2190 1687 2258 ἐξουσίας
1734 2213 1759 2240 ο

241 2297 285 2323 τι
331 2274 554 2333 βούλεται
599 2280 760 2335 ποιεῖν,
800 2276 853 2324 οὐ
894 2273 1039 2336 μόνον
1084 2274 1112 2336 ἡ
1156 2274 1370 2323 πολιτεία
1411 2273 1596 2339 οἴχεται,
1644 2275 1855 2332 ἀλλ’776

701 2356 800 2406 ιτοῦ
825 2361 918 2407 τῶν
944 2357 1118 2420 θηρίων
1144 2355 1275 2406 οὐδὲν
1301 2356 1358 2406 ἂν
1385 2356 1662 2421 ιῃδιενέγκαι.
1718 2357 1766 2406 τί

243 2357 335 2407 οὐδ’
366 2357 390 2406 ὁ
416 2357 520 2414 βίος
542 2357 673 2420 ἡμῶν

299 2473 318 2500 q
338 2467 436 2500 οὐδὲν
452 2466 470 2509 ἡ
489 2467 607 2512 πόλις]
632 2467 650 2510 ἡ
671 2469 770 2502 πόλις
790 2468 888 2501 οὐδέν
909 2468 982 2501 F.v.
1060 2474 1074 2492 Γ
1094 2468 1303 2513 ἀπόλλυται]
1322 2469 1499 2503 ἀπολεῖται
1513 2470 1594 2503 A.k.
1672 2475 1686 2494 ³
1705 2471 1764 2513 τῆς

246 2522 379 2555 πόλεως
399 2531 468 2553 om.
490 2519 530 2553 F.
653 2519 666 2544 t
686 2519 837 2565 ἀφιέναι]
860 2520 995 2564 ἀφεῖναι
1017 2521 1092 2554 F.v.
1114 2527 1149 2555 et
1165 2537 1218 2566 γρ,
1241 2522 1284 2555 Υ.
1397 2528 1418 2546 u
1436 2523 1660 2568 βελτίστους]
1686 2523 1764 2558 τοὺς

247 2573 453 2614 βελτίστους
471 2573 506 2605 k.
605 2577 617 2592 '‘
641 2575 711 2608 τοῖς
730 2585 798 2606 0111.
821 2574 977 2607 A.F.k.V.
1081 2582 1100 2608 ,Ψ
1121 2574 1259 2618 ἅλλοις]
1285 2575 1486 2620 Legebatur
1505 2575 1626 2611 ἄλλοις
1644 2575 1764 2620 ἀφίετε

251 2624 404 2670 (ἀφίεται
423 2625 502 2659 A.k.
533 2625 656 2670 ἀφίητε
679 2626 732 2670 S.)
765 2625 901 2669 ἀφίεται
923 2626 1109 2661 delendum
1131 2639 1205 2661 esse
1226 2628 1311 2662 m‘dit
1331 2629 1511 2673 Taylorus.
1663 2634 1680 2653 Ζ
1701 2627 1759 2673 δὴ]

249 2678 358 2722 δήπου
377 2692 432 2723 γρ.
455 2678 489 2711 S.
511 2689 581 2712 om.
604 2678 678 2713 FN,
791 2684 808 2702 fl
829 2680 881 2712 καὶ
899 2679 934 2712 in
954 2694 1007 2724 γρ.
1032 2680 1067 2714 S.
1180 2677 1200 2705 b
1219 2682 1272 2714 καὶ
1292 2693 1362 2716 om.
1384 2681 1426 2715 Y.
1539 2686 1550 2701 c
1572 2682 1610 2714 τὸ
1631 2681 1764 2715 addidit

252 2732 434 2769 Dobraens,
455 2731 584 2765 collato
603 2731 643 2764 τὸ
663 2730 733 2765 καθ’
754 2732 856 2764 αὐτόν
872 2744 904 2776 p.
929 2732 1016 2777 776,
1049 2744 1101 2778 15.
1130 2731 1215 2779 796,
1243 2745 1301 2778 14.
1460 2730 1477 2758 d
1498 2733 1636 2779 τοῦτον]
1661 2736 1763 2767 τοῦτο

252 2785 333 2817 A.k.
419 2789 434 2807 ς
457 2783 532 2826 ὑμῖν
553 2782 748 2829 ἐπιδείξειν]
773 2785 951 2828 ἐπιδείξειν
972 2785 1048 2828 ὑμῖν
1069 2787 1103 2819 k.
1190 2783 1204 2810 f
1221 2786 1350 2832 καινὸν]
1375 2788 1484 2820 κοινὸν
1507 2787 1542 2820 F.
1627 2792 1648 2819 g
1668 2786 1758 2832 ἕνας]

252 2839 325 2872 νεάς
346 2837 423 2870 A.k.
535 2833 553 2860 h
575 2838 627 2870 καὶ
647 2848 715 2870 0111.
738 2837 812 2870 ΡΝ.
925 2834 934 2861 ἱ
955 2838 1107 2884 οἰκεῖται]
1131 2839 1302 2872 διοικεῖται
1322 2839 1498 2874 A.S.Y.O.
1595 2835 1614 2864 k
1636 2837 1765 2873 τούτων

251 2890 377 2924 αἰτίους
397 2901 464 2923 om,
488 2892 564 2924 ΛΝ.
582 2890 616 2923 Ι111
637 2904 691 2935 γρ.
714 2890 843 2923 habent
867 2890 940 2923 F.k.
1052 2889 1061 2915 Ῑ
1082 2891 1159 2937 τοῦ]
1184 2893 1243 2926 τὸν
1263 2892 1301 2926 F.
1444 2898 1473 2916 ¹¹¹
1495 2891 1674 2937 διενέγκαι]
1696 2891 1762 2926 διε-

253 2943 363 2986 νέγκοι
381 2942 552 2978 F.Y.O.v‚
