1954 3273
291 130 377 172 590
835 132 1263 170 ΔῙ-ΙΜΟΣΘΕΝΟΎΣ
1395 130 1477 170 On.
1495 130 1639 177 XXL
1658 145 1698 185 p.
1714 132 1815 184 561,
1836 146 1931 171 13-—

293 241 425 292 οὐδὲν
463 239 481 267 ‘¹
500 243 596 292 οὔτ’
636 242 766 293 ἔστιν
805 244 901 293 οὔτ’
941 243 1088 304 ἔσται,
1125 243 1178 292 οὐ
1216 242 1363 307 γένος,
1403 243 1456 292 οὐ
1495 248 1715 303 πλοῦτος,
1754 243 1807 292 οὐ

539 324 596 351 e‘!
1104 323 1154 350 f

293 324 497 387 δύναμις,
572 348 597 375 ο
636 348 681 375 τι
724 330 819 378 τοῖς
863 330 1064 378 πολλοῖς
1133 329 1274 388 υμῶν,
1316 323 1374 375 ἂν
1417 326 1547 390 ὕβρις
1592 329 1804 392 ἕπροσῇ,

200 416 280 467 184
291 408 520 473 προσήκει
547 408 717 476 φέρειν.
762 409 928 461 ἐκεῖνος
954 408 1060 474 γὰρ,
1087 406 1123 458 ὠ
1149 408 1312 474 ἄνδρες
1339 412 1592 471 Ἀθηναῖοι,
1619 409 1804 474 λέγεται
1821 430 1857 464 15

291 490 409 557 πρὸς
446 490 624 556 πατρὸς
661 491 745 555 μὲν
783 490 1179 554 11Ἀλκμεωνιδῶν
1218 489 1331 542 εἶναι
1358 492 1579 559 (τούτους
1617 492 1673 542 δέ
1705 497 1803 560 φα-

1426 576 1446 603 k

293 599 375 626 σιν
414 575 503 626 ὑπὸ
542 580 636 626 τῶν
673 574 913 641 τυράννων
950 574 1093 641 ἱὑπὲρ
1125 581 1206 626 τοῦ
1242 575 1390 640 δήμου
1462 576 1808 642 στασιάζοντας

292 660 519 720 ἐκπεσεῖν,
551 660 626 708 καὶ
662 659 1021 721 δανεισαμένους
1059 658 1257 725 χρήματ’
1285 661 1335 710 ἐκ
1370 664 1582 727 Δελφῶν
1617 662 1803 710 ἐλευθε-

837 743 850 760 Ν
889 740 899 768 l

291 746 446 807 ρῶσαι
483 741 568 805 τὴν
602 741 745 793 πόλιν
777 765 853 792 και
914 741 1021 795 τοὺς
1061 742 1414 809 Πεισιστράτου
1451 746 1620 796 παῖδας
1658 745 1799 804 ἐκβα-

292 825 440 894 λεῖν),
464 825 583 890 πρὸς
609 824 658 876 δὲ
682 825 858 891 μητρὸς
883 825 1151 876 Ἱππονίκου
1174 830 1248 876 καὶ
1275 825 1485 890 ιἨταύτης
1511 829 1593 890 τῆς
1620 827 1862 890 Ποῖκιάςμο

294 910 382 974 οῆς
425 908 727 977 Ρὺπάρχουσι
776 911 958 960 πολλαὶ
1008 911 1083 960 καὶ
1127 909 1331 975 μεγάλαι
1373 909 1491 975 πρὸς
1530 909 1613 960 τὸν
1660 912 1809 973 δῆμον

203 995 279 1048 185
296 993 569 1059 εὐεργεσίαι.
612 993 665 1042 οὐ
702 990 848 1055 μόνον
887 991 934 1042 δὲ
965 994 1101 1058 ,ταῦθ’
1131 994 1365 1059 (ἶὺπῆρχεν
1398 993 1537 1061 αὐτῷ,
1564 991 1694 1041 ἀλλὰ
1733 993 1808 1041 καὶ

294 1075 432 1129 αὐτὸς
472 1075 585 1142 ὑπὲρ
616 1081 699 1126 τοῦ
732 1074 880 1139 δήμου
906 1075 1093 1139 θέμενος
1132 1075 1191 1126 τὰ
1217 1075 1344 1126 ὅπλα
1371 1077 1437 1129 δὶς
1464 1075 1548 1137 μὲν
1574 1077 1621 1126 ἐν
1648 1075 1808 1145 Σάμῳ,

295 1159 453 1226 τρίτον
488 1163 528 1210 δ
557 1162 604 1210 ἐν
631 1160 747 1227 αὐτῇ
786 1163 844 1227 τῇ
881 1157 1159 1228 πόλει,τῶ
1191 1159 1378 1222 σώματι
1416 1158 1501 1222 τὴν
1537 1160 1728 1221 εὔνοιαν,
1755 1160 1809 1209 οὐ
1823 1178 1860 1211 25

296 1243 537 1310 χρήμασιν
587 1243 691 1293 οὐδὲ
741 1242 904 1308 λόγοις
955 1244 1212 1312 ἐνεδείξατο
1267 1247 1325 1310 τῇ
1376 1243 1579 1308 πατρίδι.
1648 1242 1714 1292 ε”τι
1763 1242 1812 1294 δὲ

298 1327 484 1378 8ἵππων
521 1329 534 1353 t
553 1328 882 1390 Ὀλυμπίασιν
913 1329 1090 1393 ἀγῶνες
1122 1328 1333 1393 ὑπῆρχον
1366 1327 1491 1395 αὐτῷ
1529 1349 1604 1376 και
1639 1331 1810 1388 11νῖκαι,
1952 1393 1954 1398 .

300 1413 375 1461 καὶ
401 1434 668 1477 στρατηγος
695 1411 902 1477 ἄριστος,
930 1434 1005 1462 και
1031 1411 1185 1476 λεγειν
1211 1411 1356 1462 ἐδόκει
1389 1411 1591 1472 πάντων,
1619 1434 1679 1464 ως
1719 1414 1813 1478 φα-
1952 1425 1954 1471 5

206 1504 283 1544 186
298 1518 393 1557 σιν,
421 1493 533 1545 εἶναι
559 1491 832 1548 δεινότατος.
878 1495 988 1545 ἀλλ’
1018 1495 1143 1557 ὅμως
1175 1498 1216 1544 οἱ
1248 1495 1345 1544 κατ’
1374 1501 1394 1520 x
1415 1496 1585 1545 ἐκεῖνον
1611 1502 1629 1529 y
1647 1494 1806 1557 ὑμέτε-
1951 1498 1954 1551 J

296 1601 370 1643 ροι
407 1577 630 1644 πρόγονοι
669 1577 852 1631 οὐδενὸς
890 1578 1067 1628 τούτων
1094 1579 1219 1647 αὐτῷ
1245 1578 1587 1645 συνεχώρησαν
1613 1576 1811 1643 ὑβρίζειν
1823 1584 1907 1637 562
1951 1577 1954 1627 Ξ

1950 1632 1954 1652 f

299 1660 477 1723 αὑτοὺς,
505 1661 635 1712 ἀλλὰ
660 1661 941 1726 ποιήσαντες
968 1661 1184 1729 Ζφυγάδα
1214 1661 1456 1730 ἐξέβαλον,
1484 1663 1559 1712 καὶ
1586 1665 1813 1712 Λακεδαι-
1950 1660 1954 1722 ἶ

299 1747 472 1809 μονῖων
491 1753 509 1772 ³
526 1745 673 1796 ὄντων
691 1749 898 1813 ἰσχυρῶν
918 1744 1021 1796 τότε
1042 1747 1116 1796 καὶ
1136 1745 1388 1796 Δεκέλειαν
1409 1744 1428 1772 b
1445 1746 1622 1798 ἑαυτοῖς
1641 1747 1809 1796 ἐπιτει-
1948 1738 1954 1807 1

300 1832 523 1896 χισθῆναι
549 1831 625 1879 καὶ
651 1828 733 1882 τὰς
760 1835 869 1882 ναῦς
890 1830 1069 1879 ἁλῶναι
1096 1831 1169 1879 καὶ
1195 1827 1351 1879 πάντα
1378 1829 1637 1890 ὑπέμειναν,
1658 1829 1842 1879 ὁτιοῦνε

301 1913 488 1966 ἄκοντες
527 1916 694 1963 παθεῖν
721 1911 920 1963 κάλλιον
947 1910 1059 1962 εἶναι
1099 1913 1359 1978 νομίζοντες
1393 1910 1422 1975 ἦ
1458 1911 1638 1964 ἑκόντες
1677 1912 1809 1977 ὑβρί-

210 2004 284 2056 187
302 1996 465 2062 ζεσθαι
490 2000 818 2063 συγχωρῆσαι.
862 1997 1009 2047 καίτοι
1035 1997 1084 2046 τί
1111 2002 1381 2046 τοσοῦτονς
1380 1997 1568 2049 ἐκεῖνος
1607 1997 1815 2061 ὕβρισεν,
1946 2008 1954 2056 ΡΞ

493 2078 511 2106 ‘¹
529 2080 661 2133 οὗτος
689 2086 771 2131 νῦν
796 2080 1162 2149 ἐξελήλεγκται·
1152 2121 1163 2140 ,
1205 2080 1419 2146 Ταυρεαν
1445 2078 1648 2147 ἐπάταξε
1674 2101 1813 2146 χορη-

303 2081 467 2144 ἡλίκον

357 2224 375 2251 d
397 2226 466 2261 οὔτ’
487 2227 600 2273 ἔστιν]
624 2226 668 2261 ἔτ’
690 2228 784 2261 ἔστιν
806 2228 845 2261 Ρ.
868 2231 902 2260 et
922 2239 974 2271 pr.
999 2227 1034 2260 S.
1137 2230 1152 2250 e
1174 2224 1192 2259 ὅ
1211 2225 1260 2271 τι]
1287 2226 1485 2271 Legebatur
1505 2226 1533 2261 ὅ.
1564 2225 1615 2260 ὅτι
1637 2225 1814 2260 P.S.Y.O.

304 2312 319 2339 s
336 2314 444 2360 ὑμῶν]
471 2291 560 2355 {autina
581 2315 619 2348 F.
650 2315 727 2358 ὑμῖν
749 2315 782 2348 S.
895 2319 915 2347 g
934 2313 1064 2360 προσῇ]
1085 2311 1105 2357 ᾗ
1126 2314 1193 2348 F.t.
1316 2310 1335 2338 h
1354 2314 1590 2356 ἀλκμεωνιδῶν
1609 2319 1634 2347 t.
1664 2312 1813 2356 ἀλκμεω-

304 2369 402 2402 νιδῶν
423 2367 674 2403 F.S.Y.O.S.V.
707 2367 930 2401 scribebatur
949 2368 1232 2411 Ἀλκμαιωνιδῶν.
1313 2363 1322 2391 i
1345 2367 1444 2413 ὑπὲρ]
1470 2366 1535 2399 ὑπὸ
1552 2366 1619 2400 F.t.
1689 2362 1709 2390 k
1730 2380 1813 2400 στα-

659 2418 689 2450 go

305 2454 499 2500 σιάζοντας]
524 2455 779 2489 στασιάσαντας
800 2455 838 2490 F.
933 2452 943 2479 l
962 2453 1058 2500 τοὺς]
1079 2456 1140 2487 τοῦ
1159 2466 1192 2488 v.
1290 2459 1319 2478 ¹¹¹
1339 2451 1478 2498 ταύτης]
1502 2450 1625 2495 ταύτης
1645 2452 1684 2495 δὴ
1704 2453 1816 2487 A.k.r.

307 2514 326 2532 ¹¹
346 2506 468 2555 οἷκιάς]
493 2508 597 2542 οἰκίας
617 2507 785 2553 συγγενὴς
804 2521 823 2542 a
844 2520 889 2541 m.
911 2508 1055 2553 antiqua
1076 2508 1111 2541 S.
1141 2507 1245 2542 οἰκίας
1261 2509 1438 2552 συγγενεῖς
1456 2520 1511 2551 γρ.
1534 2506 1572 2540 F.
1719 2511 1738 2530 ⁰
1758 2505 1812 2551 ἧς]

305 2558 354 2596 οἶς
377 2561 411 2595 S.
521 2567 539 2594 Ι)
561 2561 772 2607 ὑπάρχουσι]
799 2562 1013 2607 ὑπάρχουσαι
1032 2573 1061 2595 r.
1184 2566 1203 2594 q
1223 2560 1389 2606 ὑπῆρχεν]
1408 2560 1560 2604 ὑπῆρχον
1579 2564 1605 2593 t.
1716 2563 1731 2582 ¹*
1749 2557 1812 2606 τῷ]

307 2615 359 2647 καὶ
377 2616 425 2661 τῷ
445 2627 470 2648 s.
583 2619 597 2637 5
617 2613 746 2658 ἵππων]
773 2616 898 2648 ἱππέων
918 2614 1103 2649 Y.O.s.t.v.
1228 2616 1240 2639 t
1261 2613 1507 2657 Ὀλυμπίασιν]
1531 2611 1738 2655 ὀλυμπιάσιν
1757 2623 1816 2645 co-

306 2668 410 2701 dices.
523 2674 542 2693 U
564 2669 648 2701 νῖκαι
668 2668 992 2702 A.P.S.Y.O.k.1·.5.
1025 2667 1224 2713 Legebatur
1244 2668 1327 2700 νῖκαι
1349 2667 1400 2699 καὶ
1421 2667 1600 2709 στέφανοι,
1621 2665 1715 2710 quod
1734 2676 1754 2698 a
1769 2676 1818 2700 m.

305 2721 373 2754 alia
392 2721 496 2754 habet
517 2720 552 2754 S.
657 2726 674 2745 Χ
695 2720 836 2767 ἐκεῖνον]
861 2722 984 2754 ἐκεῖνον
1003 2722 1127 2766 χρόνον
1146 2726 1172 2754 t.
1205 2720 1328 2754 ἐκεῖνον
1347 2720 1406 2753 τὸν
1425 2720 1549 2763 χρόνον
1570 2717 1816 2752 F.P.Y.O.s.v.

305 2780 322 2806 Y
344 2774 514 2820 ὑμέτεροι]
537 2773 690 2819 ἡμέτεροι
710 2774 953 2808 F.P.Y.O.t.v.
1086 2779 1103 2797 Ζ
1124 2773 1277 2818 φυγάδα]
1301 2772 1419 2814 ι’ἷτιμον
1439 2772 1491 2805 καὶ
1511 2772 1648 2816 φυγάδα
1669 2782 1755 2805 corr.
1779 2771 1816 2804 S.

304 2840 323 2860 a
345 2840 391 2862 m.
414 2828 558 2873 antiqua
578 2833 612 2861 et
631 2841 685 2872 γρ,
709 2827 746 2861 F.
858 2833 877 2852 a
898 2826 1003 2860 ὄντων
1024 2826 1192 2872 ἰσχυρῶν]
1219 2827 1370 2870 ἰσχυρῶν
1390 2825 1496 2858 ὄντων
1517 2825 1619 2859 F.t.v.
1707 2822 1723 2844 ¹¹
1743 2825 1818 2857 ἑαυ-

304 2882 375 2915 τοῖς
392 2882 427 2915 S.
458 2881 571 2915 αὐτοῖς
591 2881 709 2926 vulgo.
835 2886 850 2905 ⁰
868 2881 989 2915 ἐκεῖνος
1009 2879 1167 2925 ὕβρισεν]
1192 2878 1334 2924 ὕβρισεν
1354 2879 1476 2913 ἐκεῖνος
1497 2879 1569 2912 As.
1681 2873 1699 2901 ‘l
1721 2875 1820 2911 οὗτος

305 2934 379 2979 νῦν]
405 2937 462 2968 νῦν
482 2933 581 2970 οὗτος
601 2935 674 2968 A.r.
706 2936 762 2967 νῦν
783 2933 887 2969 οὕτως
907 2934 942 2969 k.
