1954 3273
2 176 8 208 ιη
69 152 296 204 -644‚27.
638 155 776 192 ΚΑΤΑ
812 154 1270 193 ΑΡΙΣΤΟΚΡΑΤΟὙΣ.
1630 154 1713 197 675

1 209 6 245 f

0 255 5 369 ᾗ
189 287 316 315 τισιν
341 264 620 331 Ρεὶρημένοις
645 263 829 331 χρόνοις
859 265 1083 315 ἀπελθεῖν
1109 264 1310 328 (ἱτακτὴν
1342 266 1452 316 ὁδὸν
1485 268 1559 316 καὶ
1591 267 1708 335 φεύ-

0 373 3 416 ,
189 370 303 412 γειν,
331 348 415 401 ἕως
441 347 499 398 ἂν
527 347 771 411 αἰδέσηταί
803 370 906 397 τινα
937 352 1032 397 τῶν
1057 349 1106 398 ἐν
1133 347 1251 412 γένει
1285 355 1368 398 τοῦ
1401 349 1706 403 πεπονθότος.
1724 360 1808 411 644

0 419 3 442 ἱ
190 437 442 494 τηνικαῦτα
476 434 542 481 ιδ’
570 431 695 495 ἥκειν
730 429 924 480 δέδωκεν
964 430 1094 481 ε”στιν
1129 430 1182 481 ὃν
1217 429 1407 497 τρόπον,
1443 433 1530 498 οὐχ
1565 431 1618 482 ὃν
1655 432 1712 483 ἂν

236 513 247 529 Ι
383 516 393 530 D
479 512 491 530 Χ
602 517 614 532 Κ
699 519 719 528 Α
912 516 924 530 Κ
1169 517 1189 527 ⁷²³
1378 517 1390 532 Κ
1450 515 1473 532 ’l
1540 516 1550 530 ²
1607 516 1629 533 'l

190 537 322 581 τυχῃ,
367 521 498 564 αλλα
541 536 616 565 και
663 518 805 564 θυσαι
851 536 927 564 και
978 518 1266 581 καθαρθηναι
1318 538 1393 565 και
1438 522 1539 565 αλλ
1594 539 1713 566 αττα

193 595 454 663 8διῄρηκεν,
493 594 524 646 ἃ
566 597 656 663 χρὴ
695 599 904 660 ποιῆσαι,
943 598 1105 663 ὀρθῶς,
1147 595 1184 647 ῶ
1226 598 1417 664 ἴᾶνδρες
1457 602 1740 663 Ἀθηναῖοι,5

127 679 380 737 85“πάντα
413 685 560 730 ταῦτα
595 679 750 745 λέγων
784 681 807 729 ὁ
844 678 997 742 νόμος.
1050 683 1125 731 καὶ
1158 680 1251 747 γὰρ
1278 681 1332 731 τὸ
1359 686 1453 731 τῶν
1478 683 1713 733 ἀκουσίων

191 762 374 813 ἐλάττω
409 762 494 826 τὴν
526 764 751 829 τιμωρίαν
778 762 834 827 Χῆ
861 767 955 813 τῶν
988 765 1215 814 ἑκουσίων
1247 763 1387 832 τάξαι
1421 766 1610 827 δίκαιον,
1637 767 1713 816 καὶ

192 846 271 897 Υτὸ
309 847 607 914 παρασχόντ’
641 846 913 915 ἀσφάλειαν
950 849 1172 898 ἀπελθεῖν
1209 849 1357 898 Ζοῦτω
1396 848 1713 914 προστάττειν

192 929 382 997 φεύγειν
417 931 567 996 ὀρθῶς
603 932 759 980 ἣέστὶν
799 931 919 997 ἔχον,
960 932 1034 980 καὶ
1068 929 1149 981 ὓτὸ
1185 930 1268 981 τὸν
1306 930 1510 982 κατιόνθ’
1549 934 1712 984 ὁσιοῦν

192 1015 266 1063 καὶ
306 1014 613 1079 καθαίρεσθαι
645 1014 883 1077 0νομίμοις
924 1016 1033 1075 τισὶ,
1070 1017 1144 1064 καὶ
1183 1013 1236 1064 τὸ
1274 1014 1382 1069 τοὺς·
1420 1013 1589 1077 νόμους
1623 1040 1764 1068 κυ-ιο

944 1096 961 1123 d

189 1097 315 1162 ριόυς
367 1096 589 1148 ἁπάντων
638 1095 765 1160 εἶναι,
818 1099 893 1147 καὶ
976 1096 1132 1148 πάντα
1183 1103 1330 1148 ταῦτα
1385 1098 1477 1165 ἔχει
1533 1105 1706 1154 καλῶς.

189 1186 337 1230 ταῦτα
371 1181 525 1231 τοίνυν
561 1178 745 1231 ἅπαντα
781 1181 966 1234 δικαίως
1003 1182 1124 1231 οὕτω
1162 1182 1458 1247 διορισθέντα
1495 1181 1585 1234 ὑπὸ
1617 1188 1711 1234 τῶν

189 1264 246 1333 ἐξ
277 1266 423 1332 ἀρχῆς
463 1264 883 1329 νομοθετησάντων
921 1266 1107 1331 παρέβη
1143 1265 1344 1332 γράφων
1382 1265 1435 1316 τὸ
1474 1266 1712 1334 ψήφισμα

191 1349 366 1399 οὑτοσί.
433 1353 580 1399 ταῦτα
625 1347 709 1411 μὲν
751 1347 807 1412 δὴ
850 1348 932 1398 δύο
977 1353 1237 1411 τηλικαῦτα
1280 1350 1356 1399 καὶ
1400 1356 1592 1400 τοιαῦτα
1636 1354 1705 1402 δι·
1726 1374 1762 1406 15

191 1432 424 1498 καστήρια
457 1435 532 1483 καὶ
565 1432 738 1496 νόμιμα
771 1434 820 1483 ἐκ
851 1432 1027 1485 παντὸς
1053 1437 1136 1482 τοῦ
1162 1431 1334 1499 χρόνου
1358 1434 1712 1499 παραδεδομένα

192 1517 337 1569 οὕτως
363 1517 561 1569 ἀναιδῶς
587 1515 1012 1582 θὺπερπεπήδηκεν.

128 1605 180 1645 86
267 1601 442 1666 Τρίτον
475 1602 516 1650 δ’
551 1600 704 1667 ἕτερον
742 1600 860 1666 πρὸς
898 1599 1077 1653 τούτοις
1114 1599 1429 1667 δικαστήριον,
1465 1600 1489 1652 ὃ
1521 1601 1712 1653 πάντων

193 1682 433 1748 ἁγιώτατα
467 1682 645 1733 τούτων
681 1683 775 1750 ἔχει
808 1686 883 1734 καὶ
915 1684 1292 1752 φρικωδέστατα,
1319 1685 1377 1735 ἄν
1402 1708 1471 1739 τις
1498 1687 1712 1754 ὁμολογῇ

191 1766 276 1829 μὲν
316 1771 502 1828 κτεῖναι,
542 1765 744 1830 ἐννόμως
783 1765 858 1817 ίδὲ
900 1771 969 1835 φῇ
1014 1767 1293 1833 δεδρακέναι.
1349 1773 1486 1818 τοῦτο
1529 1770 1566 1818 δ’
1608 1770 1711 1819 ἐστὶ

294 1851 354 1868 ’Ν
1264 1849 1348 1876 ’ῖῙι

192 1848 246 1900 τὸ
282 1872 356 1900 επι
396 1851 686 1919 ἕΔελφινίῳ.
746 1853 939 1900 δοκοῦσι
979 1849 1071 1915 γάρ
1115 1873 1207 1913 μοι,
1248 1873 1285 1900 ω
1356 1850 1518 1917 ἄνδρες
1561 1851 1762 1903 ἰδικα-ιο

1213 1932 1233 1960 k

191 1935 317 1994 σταῖ,
345 1932 541 1998 ζητῆσαι
575 1939 713 1983 τοῦτο
749 1938 937 2000 πρῶτον
965 1933 1186 1984 ἁπάντων
1243 1937 1284 1984 οἱ
1319 1937 1424 2000 περὶ
1459 1936 1637 1987 τούτων
1663 1938 1711 1987 ἐν

193 2018 315 2084 ἀρχῇ
341 2016 401 2067 τὰ
426 2018 578 2067 δίκαια
605 2019 862 2084 ὁρίσαντες,
888 2017 1043 2084 πότερ’
1073 2019 1236 2069 οὐδένα
1271 2017 1362 2085 χρὴ
1395 2018 1544 2087 φόνον
1577 2020 1712 2072 ὅσιον

193 2098 306 2150 εἶναι
338 2100 533 2166 νομίζειν
559 2099 586 2164 ἦ
613 2100 718 2151 τινά
745 2106 790 2166 γ’
818 2100 935 2152 1ἔσθ’
964 2101 1098 2151 ὅσιον
1131 2101 1391 2164 νομιστέον,
1418 2103 1711 2169 λογιζόμενοι

193 2183 231 2232 δ’
261 2182 331 2233 ὅτι
364 2184 540 2250 μητέρα
570 2184 806 2250 Ὀρέστης
842 2183 1107 2237 ἀπεκτονὼς
1139 2185 1390 2250 ὁμολογῶν
1424 2190 1543 2237 θεῶν
1574 2190 1703 2237 δικα-
1721 2214 1759 2245 25

193 2271 325 2316 στῶν
357 2267 513 2335 τυχὼν
548 2266 887 2336 ἀποφυγγάνει,
923 2269 1114 2331 νομίσαι
1151 2267 1326 2319 δίκαιόν
1356 2271 1438 2320 τιν’
1467 2268 1580 2321 εἶναι
1612 2270 1703 2339 φό-

194 2367 286 2400 νον·
325 2351 378 2401 οὐ
413 2350 506 2417 γὰρ
532 2350 590 2402 ἂν
614 2351 673 2402 τά
707 2374 762 2417 γε
799 2350 863 2416 μὴ
900 2352 1053 2402 δίκαια
1091 2350 1222 2406 θεοὺς
1257 2354 1591 2421 ψηφίσασθαι.
1647 2356 1710 2408 ὡς

247 2534 266 2561 P
286 2528 486 2574 εἰρημένοις]
511 2529 711 2574 ὡρισμένοις
729 2531 802 2565 k.v.
929 2536 949 2563 q
968 2531 1105 2577 τακτὴν]
1130 2532 1171 2566 τὰ
1190 2532 1272 2566 κατὰ
1292 2533 1353 2575 τὴν
1373 2545 1400 2567 s.
1514 2539 1529 2558 Γ
1549 2533 1576 2568 δ’
1598 2534 1703 2581 ἥκειν]

193 2581 285 2624 δίκην
304 2593 336 2615 v.
405 2587 419 2606 S
439 2581 592 2627 διῄρηκεν
612 2584 794 2617 Dobraeus.
827 2582 1027 2628 Legebatur
1046 2585 1220 2630 διείρηκεν.
1250 2586 1289 2629 δὴ
1310 2584 1437 2631 εἴρηκεν
1457 2598 1487 2620 v.
1558 2586 1572 2611 t
1591 2587 1710 2632 ἅνδρες

193 2645 262 2667 om.
282 2635 362 2669 ΑΝ.
483 2641 504 2659 u
523 2636 632 2669 πάντα
651 2636 773 2680 ταῦτα]
797 2639 902 2670 ταῦτα
921 2637 1030 2670 πάντα
1050 2638 1120 2672 k.v.
1244 2644 1263 2662 X
1284 2637 1302 2682 ἢ
1323 2638 1407 2684 τῶν]
1432 2638 1449 2681 ἢ
1470 2639 1531 2683 τὴν
1551 2643 1618 2673 τῶν
1637 2642 1707 2675 k.v.

194 2693 213 2721 y
233 2687 272 2719 τὸ
291 2686 519 2732 παρασχόντ’]
541 2691 589 2735 τῷ
608 2690 822 2734 παρασχόντι
842 2690 944 2723 A.1·.S.
1047 2696 1065 2714 Ζ
1086 2689 1189 2741 οὕτω]
1214 2692 1253 2725 οὐ
1273 2692 1311 2725 τὸ
1333 2697 1509 2725 correctus
1528 2693 1564 2726 in
1584 2693 1709 2727 ultima

193 2739 309 2772 littera
328 2752 360 2773 V.
463 2745 482 2765 a
501 2740 596 2774 ἐστὶν
616 2742 712 2787 ἕχον]
736 2743 816 2786 ἕχον
836 2742 911 2775 ἐστὶ
930 2755 961 2776 v.
1072 2740 1091 2768 b
1112 2745 1151 2777 τὸ
1171 2756 1241 2778 om.
1262 2745 1298 2778 k.
1407 2750 1422 2769 C
1442 2745 1611 2791 νομίμοις]
1636 2749 1708 2782 τοῖς

194 2793 308 2834 νόμοις
326 2791 416 2826 Y.O.
519 2790 538 2817 d
557 2795 666 2827 πάντα
685 2794 807 2840 ταῦτα]
830 2797 936 2829 ταῦτα
955 2796 1062 2829 πάντα
1082 2797 1270 2832 A.F.k.r.v.
1373 2803 1388 2821 e
1409 2797 1701 2845 ὑπερπεπήδηκεν]

195 2844 404 2888 ὑπερβέβηκε
422 2860 477 2890 γρ.
499 2846 540 2882 F.
674 2844 689 2871 f
706 2847 741 2881 δὲ
761 2848 829 2893 φῇ]
855 2847 884 2882 δ’
904 2849 970 2892 ἔφη
990 2849 1083 2885 Y.O.
1214 2857 1235 2886 g
1256 2848 1448 2897 Δελφινίῳ]
1471 2850 1656 2895 δελφινίων
1675 2865 1705 2888 r.

194 2893 213 2920 h
233 2896 351 2942 ἅνδρες
370 2910 439 2932 om.
460 2899 538 2933 A.v.
623 2897 631 2924 i
653 2900 807 2934 δικασταὶ
829 2901 956 2935 S.Y.O.
987 2913 1056 2936 om.
1077 2915 1103 2936 s.
1138 2902 1309 2947 Ἀθηναῖοι
1328 2903 1447 2948 vulgo,
1540 2900 1561 2927 k
1581 2905 1612 2937 οἱ
1633 2916 1703 2940 om.

194 2961 251 2983 r.s.
362 2947 372 2975 Ῑ
391 2950 481 2997 ἔσθ’]
506 2951 622 2987 ἔσεσθ’
642 2954 743 2988 A.1·.s.
774 2954 916 2988 ἔσεσθαι
936 2955 971 2988 k.
