1954 3273
50 209 205 262 —786‚
226 226 276 249 13.
566 213 712 251 KATA
744 212 1213 251 ΑΡΙΣΤΟΓΕΙΤΟΝΟΣ
1247 216 1293 252 Α.
1600 214 1677 252 821

173 321 232 372 ἂν
266 321 520 375 ἐπιστάτας
554 322 746 372 ἑλέσθαι
784 320 1000 390 φάσκων,
1036 322 1118 371 οὐκ
1154 324 1349 376 ἐκείνους
1384 323 1596 389 ὑβρίζων,
1632 326 1689 374 οὔ

108 413 157 452 61
179 404 383 467 (ἐκείνοις
416 403 500 467 μὲν
532 404 623 470 γὰρ
658 404 769 471 ἐξῆν
804 404 968 469 μικρὸν
1002 404 1223 469 ἀργύριον
1260 409 1394 456 δοῦσι
1433 406 1582 474 τούτῳ
1620 405 1736 468 μὴι5

175 486 356 537 ἀκούειν
381 492 564 554 ταῦτα),
592 486 721 536 ἀλλὰ
746 486 830 550 τὴν
862 486 1084 552 ὑμετέραν
1109 489 1395 553 χειροτονίαν
1426 495 1679 553 προπηλα-

490 573 509 581 Α

175 569 310 634 κίζων
345 571 420 619 καὶ
454 592 537 632 της
571 571 741 620 ἕαὺτοῦ
781 570 1003 635 πονηρίας
1041 570 1260 637 ἐπίδειξιν
1293 571 1577 633 ποιούμενος,
1605 570 1687 623 τὰς

177 650 226 701 δὲ
260 651 505 717 κληρωτὰς
538 650 687 718 ἀρχὰς
719 651 1021 717 σπαράττων,
1048 650 1068 677 ¹¹

479 734 498 760 k

1077 656 1231 714 αἰτῶν,
1258 651 1570 718 ἰεὶσπράττων
1597 655 1683 717 ἀρ-

176 733 351 799 γύριον,
390 735 438 784 τί
516 733 658 784 κακὸν
697 735 749 784 οὐ
792 735 1040 801 παρέχων;
1093 734 1152 785 τὰ
1192 741 1433 786 τελευταῖα
1471 735 1519 786 δὲ
1556 738 1686 786 ταυτὶ
1701 761 1741 781 20

176 816 355 869 πάντας
407 821 467 870 εἷς
518 816 728 883 ταραχὴν
779 818 854 866 καὶ
909 816 1087 867 στάσιν
1137 817 1312 880 Ῑέμβάλ
1324 824 1419 868 λειν
1470 818 1686 883 ζητήσας,

175 898 413 965 γράμματ’
450 902 636 952 ἐκτιθεὶς
673 903 841 967 ψευδῆ,
882 900 1005 954 ὅλως
1044 901 1080 950 δ’
1121 902 1195 950 ἐπὶ
1232 904 1298 968 τῷ
1335 899 1524 950 πάντων
1562 905 1688 968 κακῷ

177 981 412 1048 πεφυκὼς,
451 984 527 1032 καὶ
564 981 802 1048 πρόδηλος
840 981 904 1033 ῶν
938 983 1056 1033 1ῐὶὅτι
1094 983 1298 1036 τοιοῦτός
1336 984 1439 1033 ἐστι
1476 987 1541 1050 τῷ
1578 983 1682 1050 βίῳ.

112 1077 165 1115 62
179 1070 398 1116 σκοπεῖτε
436 1066 542 1131 γάρ.
605 1068 755 1116 “εἶσῖν
794 1067 910 1128 ὁμοῦ
949 1065 1183 1131 δισμύριοι
1221 1065 1391 1118 πάντες
1428 1067 1684 1128 Ἀθηναῖοι.

178 1148 357 1198 τούτων
382 1148 580 1201 ἕκαστος
610 1148 658 1197 ἕν
684 1148 744 1212 γέ
770 1170 814 1197 τι
847 1147 1068 1214 πράττων
1094 1148 1212 1197 κατὰ
1237 1147 1322 1211 τὴν
1348 1146 1527 1213 ἀγορὰν
1552 1170 1684 1212 περι·
1703 1172 1740 1203 25

177 1230 359 1297 ἔρχεται
392 1231 495 1294 ἦτοι
533 1229 588 1293 νὴ
625 1229 707 1280 τὸν
736 1230 981 1295 “Ηρακλέα
1018 1235 1112 1280 τῶν
1147 1235 1312 1280 κοινῶν
1346 1229 1374 1293 ἢ
1411 1234 1504 1279 τῶν
1543 1231 1684 1279 ἰδίων.

180 1312 290 1361 ἀλλ’
320 1312 407 1377 οὐχ
437 1311 570 1364 οὗτος
605 1310 748 1372 οὐδὲν,
776 1312 898 1361 θούδ’
927 1309 985 1361 ἂν
1020 1311 1117 1377 ἔχοι
1150 1312 1296 1378 δεῖξαι
1330 1310 1448 1375 πρὸς
1483 1310 1574 1378 ὅτῳ
1608 1309 1690 1359 τὸν

181 1395 286 1455 βίον
324 1395 425 1443 ἐστὶ
464 1398 558 1444 τῶν
594 1394 791 1458 μετρίων
826 1391 854 1455 ἢ
893 1398 1105 1442 Ρκαλῶν.
1166 1394 1268 1458 οὐχὶ
1305 1397 1399 1441 τῶν
1436 1396 1691 1442 πολιτικῶν

182 1479 373 1540 ἀγαθῶν
417 1478 489 1526 ἐπ’
529 1477 676 1526 οὐδενὶ
721 1480 812 1542 (Ῑτῇ
854 1478 990 1543 ψυχῇ
1034 1475 1273 1539 διατρίβει·
1325 1475 1377 1523 οὐ
1421 1475 1597 1540 τέχνης,
1638 1475 1784 1537 οὐ786

182 1560 422 1625 γεωργίας,
462 1561 544 1609 οὐκ
582 1560 735 1623 ἄλλης
773 1560 997 1624 ἐργασίας
1041 1558 1252 1619 οὐδεμιᾶς
1292 1558 1588 1619 ἐπιμελεῖται·
1639 1557 1691 1606 οὐ

183 1641 554 1708 φιλανθρωπίας,
605 1642 691 1706 οὐχ
744 1641 930 1702 ὁμιλίας
986 1640 1197 1701 οὐδεμιᾶς
1260 1640 1407 1688 οὐδενὶ
1469 1642 1688 1687 κοινωνεῖ·

118 1731 169 1782 63
184 1723 314 1773 ἀλλὰ
351 1723 593 1788 πορεύεται
631 1723 705 1773 διὰ
742 1726 825 1786 τῆς
869 1725 1054 1788 ἀγορᾶς,
1099 1720 1262 1786 ὥσπερ
1300 1721 1422 1786 Γε”χις
1466 1719 1494 1783 ἢ
1539 1742 1687 1785 σκορ-

182 1809 300 1868 πίος,
327 1807 477 1873 ᾑρκὼς
502 1805 555 1855 τὸ
583 1806 782 1871 κέντρον,
811 1803 963 1873 ᾄττων
988 1809 1121 1869 δεῦρο
1151 1807 1350 1865 κάκεῖσε,
1377 1807 1572 1854 σκοπῶν
1604 1804 1721 1853 τίνι5

185 1889 441 1956 συμφορὰν
484 1888 513 1952 ἢ
557 1888 876 1955 βλασφημίαν
919 1886 947 1950 ὴ
994 1885 1136 1937 κακόν
1186 1909 1230 1936 τι
1277 1883 1693 1951 προστριψάμενος

185 1974 261 2021 καὶ
299 1970 607 2034 καταστήσας
644 1974 705 2023 εἷς
745 1969 900 2036 φόβον
935 1970 1156 2034 ἀργύριον
1190 1967 1534 2035 5εἰσπράξεται.
1592 1966 1695 2017 οὐδὲ

185 2058 460 2121 προσφοιτᾷ
497 2052 615 2118 πρός
649 2076 693 2102 τι
730 2052 907 2102 τούτων
943 2057 1036 2101 τῶν
1069 2053 1117 2101 ἐν
1151 2055 1208 2118 τῇ
1239 2051 1376 2101 πόλει
1400 2047 1696 2114 ἵκουρείωνῆ

185 2137 552 2201 ιΙμυροπωλείων
583 2134 612 2199 ὴ
644 2139 738 2185 τῶν
773 2135 941 2185 ἄλλων
976 2135 1298 2199 ἐργαστηρίων
1334 2132 1436 2183 οὐδὲ
1472 2132 1589 2197 πρὸς
1627 2132 1690 2181 ἕν·
1712 2157 1750 2177 ιο

187 2221 298 2269 ἀλλ’
324 2218 626 2278 Χόίσπειστος,
653 2218 904 2282 ἀνίδρυτος,
932 2216 1136 2280 ἄμικτος,
1164 2217 1216 2265 οὐ
1246 2214 1397 2281 χάριν,
1430 2215 1483 2264 οὐ
1517 2214 1698 2281 φιλίαν,

187 2302 270 2351 οὐκ
295 2301 407 2351 ἄλλ’
431 2299 560 2351 οὐδὲν
586 2299 649 2349 ῶν
674 2299 945 2364 Ῡᾶνθρωπος
969 2298 1153 2363 μέτριος
1178 2297 1474 2362 γιγνώσκων.
1515 2297 1612 2358 μεθ’
1635 2294 1699 2345 ῶν

188 2385 224 2433 δ’
253 2386 295 2432 οἱ
330 2382 569 2450 ζωγράφοι
606 2379 713 2434 τοὺς
749 2384 935 2441 ἀσεβεῖς
969 2382 1048 2430 Ζέν
1083 2380 1228 2430 Αἴδου
1263 2378 1548 2446 γράφουσιν,
1584 2377 1700 2441 μετὰ

243 2554 263 2581 g
283 2548 386 2581 αὑτοῦ
407 2548 442 2581 S.
473 2549 591 2581 ἑαυτοῦ
610 2547 728 2591 vulgo.
840 2543 860 2570 h
879 2546 980 2579 αι’τῶν
998 2557 1069 2580 om.
1090 2546 1172 2580 A.k.
1279 2542 1289 2569 i
1310 2545 1523 2589 εἰσπράττων
1542 2542 1702 2587 ἀργύριον

190 2601 338 2634 codices.
369 2599 527 2644 ἀργύριον
547 2600 760 2643 εἰσπράττων
779 2598 897 2643 vulgo.
1017 2595 1038 2621 k
1059 2597 1175 2642 κακὸν]
1198 2599 1304 2630 κακῶν
1324 2597 1363 2630 F.
1486 2594 1495 2621 l
1517 2596 1702 2638 ἐμβάλλειν

192 2652 323 2687 S.Y.O.
358 2652 556 2697 Legebatur
575 2652 747 2694 ἐμβαλεῖν.
833 2656 862 2673 m
883 2649 951 2695 ὅτι]
976 2651 994 2682 ὁ
1013 2662 1046 2684 v.
1131 2656 1151 2674 n
1171 2649 1275 2694 εἰσὶν]
1297 2649 1392 2682 ἐστὶν
1413 2647 1456 2681 Ο.
1532 2652 1550 2670 0
1571 2646 1640 2679 οὐδ’
1662 2646 1702 2679 ἂν

191 2717 260 2739 om.
284 2705 319 2738 S.
448 2710 467 2737 P
487 2703 614 2748 καλῶν]
638 2707 704 2736 τῶν
723 2704 833 2735 καλῶν
854 2701 899 2736 Ο.
1032 2708 1052 2734 q
1071 2704 1111 2744 τῇ
1131 2702 1248 2747 ψυχῇ]
1273 2701 1334 2743 τὴν
1352 2700 1470 2744 ψυχὴν
1490 2698 1699 2733 A.F.O.k.v.

193 2765 207 2783 Γ
227 2756 315 2802 ἔχις]
340 2755 420 2801 ὅφις
439 2757 598 2791 A.F.k.v.
695 2759 709 2778 S
729 2753 964 2798 εἰσπράξεται]
989 2755 1151 2798 πράξεται
1172 2754 1246 2788 F.v.
1330 2751 1344 2776 t
1363 2750 1537 2795 κουρείων]
1564 2750 1704 2794 κουρίων

192 2821 244 2854 pr.
267 2809 303 2843 S.
431 2814 453 2833 ¹1
475 2806 734 2852 μυροπωλείων]
756 2806 980 2850 μυροπωλίων
998 2807 1118 2840 A.F.v.
1139 2812 1174 2840 et
1192 2817 1247 2850 pr.
1268 2806 1303 2837 k.
1338 2803 1442 2836 Conf.
1463 2815 1533 2836 var.
1556 2802 1637 2836 leet.
1660 2802 1703 2834 ad

193 2874 228 2906 p.
246 2871 336 2907 911,
356 2871 413 2905 14.
514 2866 534 2884 Χ
554 2858 760 2903 ἄσπειστος]
785 2858 930 2892 ἄπιστος
948 2870 982 2892 V.
1084 2863 1103 2890 y
1124 2858 1299 2902 ἅνθρωπος
1317 2853 1469 2899 μέτριος]
1493 2855 1627 2897 μέτριος
1647 2853 1703 2886 ἅν-

193 2913 327 2958 θρωπος
346 2925 379 2946 v.
544 2917 561 2936 Ζ
586 2912 620 2944 ἐν
639 2909 742 2944 Αἴδου
760 2909 973 2955 γράφουσιν]
1002 2910 1199 2954 γράφουσιν
1219 2909 1253 2942 ἐν
1273 2908 1356 2951 ᾅδου
1376 2919 1408 2940 v.
1443 2907 1639 2951 γράφουσιν
1658 2905 1704 2938 εἷς

194 2964 276 2998 ἅδου
297 2965 335 2997 F.
