1954 3273
73 196 157 237 on.
181 194 361 235 XXIV.
384 195 775 250 p-695‚8-697‚⁴·
850 196 1104 234 ΔΗΜΟΣΘ.
1138 196 1281 234 ΚΑΤΑ
1312 196 1535 235 TIMOKP.
1639 194 1722 238 729

193 311 290 357 γορεῖ
319 310 356 345 δὲ
382 311 401 345 ὁ
427 310 598 355 Διόδωρος
623 310 676 344 καὶ
704 309 793 344 ι’ίλλο
821 311 882 344 τοῦ
911 310 1025 353 νόμου·
1054 308 1116 354 τήν
1140 323 1177 343 τε
1202 309 1270 356 γὰρ
1295 307 1393 344 θέσιν
1417 308 1522 342 αὐτοῦ
1549 309 1721 354 μέμφεται

194 375 239 412 ὦς
264 378 442 422 γεγονυῖαν
469 375 560 420 παρὰ
586 375 666 411 τοὺς
693 376 826 420 νόμους,
847 374 901 409 καὶ
925 372 1126 408 ὑπεναντίον
1150 370 1233 408 εἶναι
1253 371 1349 408 trois
1372 373 1524 419 ἀρχαίοις
1543 373 1645 418 φησὶ,
1667 374 1720 407 καὶ
1737 380 1774 401 10

194 439 401 487 ἀσύμφορον
419 441 490 476 τοῖς
509 441 631 475 κοινοῖς
654 438 891 474 ἐπιδείκνυσιν.

752 518 893 547 ΕΤΕΡΑ
921 518 1156 548 ΥΠΟΘΕΣΙΣ.

250 577 411 623 Πολέμου
444 578 672 625 τυγχάνοντος
701 576 889 622 Ἀθηναίοις
921 579 1008 625 πρὸς
1039 578 1201 620 βασιλέα,
1236 578 1319 612 κατὰ
1351 581 1473 613 τοῦτον
1505 579 1565 612 τὸν
1594 578 1718 624 χρόνον

195 643 328 690 ἐγράφη
349 642 520 689 ψήφισμα
539 648 559 668 1¹
572 644 663 677 σῦλα
689 643 819 676 πλοίων
844 643 1018 687 πολεμίων
1042 640 1126 678 εἶναι
1152 644 1204 678 καὶ
1223 643 1380 690 γίνεσθαι
1402 643 1444 677 τὰ
1463 642 1632 687 τιμήματα
1650 645 1718 676 τῶν
1736 653 1770 683 15

195 710 332 742 κλοπῶν
357 708 514 751 δημόσια.
563 705 769 747 Μαύσωλος,
796 707 855 750 τῆς
881 706 1005 753 Καρίας
1032 708 1221 753 σατράπης,
1245 707 1339 743 Χτὰς
1366 706 1472 752 πέραν
1497 706 1623 751 νήσους
1647 705 1718 750 ήδί-

196 786 258 806 κει.
303 773 474 811 κατεβόων
501 773 534 806 οἶ
561 772 805 815 βλαπτόμενοι,
835 772 888 805 καὶ
916 771 996 807 τοὺς
1020 770 1218 816 Ἀθηναίους
1250 772 1491 806 ἐπεκαλοῦντο.
1539 771 1635 816 ἔδοξε
1664 771 1719 805 διὰ

195 837 377 881 πρέσβεων
405 837 488 871 τέως
516 835 736 869 αἶτιάσασθαι
764 836 824 869 τὸν
852 836 958 881 Κᾶρα.
1002 836 1197 878 πέμπουσιν
1225 835 1284 870 οὖν
1312 835 1537 881 Ἀνδροτίωνα
1567 836 1619 869 καὶ
1646 841 1715 869 Με-
1733 847 1773 869 20

194 900 354 934 λάνωπον
382 901 434 934 καὶ
462 901 682 943 ῩΓλαυκέτην
710 900 794 944 πρὸς
824 899 884 933 τὸν
912 898 1059 945 ἄρχοντα
1090 898 1299 940 Μαύσωλον,
1327 900 1387 933 τὸν
1414 901 1474 943 τῆς·
1501 899 1718 945 Ἀρτεμισίας

194 963 299 1009 ἄνδρα
337 964 389 998 καὶ
425 963 591 1009 ἀδελφὸν,
628 963 672 999 ὧς
708 963 886 997 ἀδικοῦντα
923 964 983 999 τὰς
1021 963 1144 1008 νήσους
1183 963 1453 1008 αἷτιασομένους,
1487 964 1541 998 καὶ
1576 965 1718 1004 βασιλεῖ

193 1029 427 1074 χαριζόμενον,
449 1027 492 1062 δι’
512 1027 550 1062 ὃν
573 1031 678 1063 κακῶς
697 1028 801 1062 ἐποίει
823 1029 904 1063 τοὺς
917 1026 1101 1072 “Ελληνας.
1140 1028 1233 1063 οὗτοι
1259 1027 1314 1072 νηῒ
1336 1027 1574 1074 περιτυχόντες
1595 1033 1714 1062 ΖΝαυ-
1731 1040 1770 1072 25

193 1095 364 1139 κρατιτικῇ
387 1092 554 1139 Αἰγύπτια
581 1091 711 1137 ἐχούσῃ
736 1093 862 1138 φορτία
887 1093 1090 1138 (διεκόμιζον
1114 1094 1150 1128 δὲ
1173 1093 1314 1129 τούτους
1341 1094 1420 1129 τοὺς
1444 1094 1610 1140 πρέσβεις
1635 1092 1714 1139 Ἀρ-

192 1159 310 1203 χέβιος
341 1158 393 1192 καὶ
424 1157 626 1201 Λυσιθείδης
655 1157 870 1203 τριήραρχοι)
903 1158 1111 1204 κατάγουσιν
1141 1158 1188 1193 εἷς
1219 1159 1279 1192 τὸν
1307 1159 1449 1203 Πειραιᾶ
1483 1158 1544 1201 τὴν
1574 1158 1715 1193 ὁλκάδα.

193 1222 247 1256 καὶ
265 1223 380 1267 λόγων
399 1221 587 1267 γενομένων
607 1223 678 1257 τοῖς
697 1222 894 1268 Αἰγυπτίοις
915 1222 1000 1267 πρὸς
1026 1223 1086 1256 τὸν
1111 1222 1218 1266 δῆμον
1241 1223 1293 1256 καὶ
1319 1223 1476 1262 ἶκετειῶν,
1498 1222 1596 1256 οὐδὲν
1616 1221 1718 1265 ἧττον

194 1285 307 1332 ἐκρίθη
333 1286 375 1320 τὰ
399 1285 556 1331 χρήματα
584 1283 668 1320 εἶναι
695 1287 842 1330 δημόσια
872 1286 916 1321 ὣς
939 1285 1113 1331 πολεμίων
1138 1285 1245 1321 ὅντων
1270 1289 1338 1320 τῶν
1364 1284 1569 1332 Αἷγυπτίων.
1613 1287 1717 1330 νόμου
1732 1285 1814 1339 696

193 1350 230 1385 δὲ
251 1351 528 1396 προστάττοντος
547 1351 608 1384 τὸν
626 1351 844 1396 χρησάμενον
864 1350 1042 1394 δημοσίοις
1060 1349 1233 1396 χρήμασιν
1253 1348 1304 1384 ἐπ’
1320 1350 1473 1384 ἐνιαυτὸν
1492 1349 1575 1384 ὅλον
1595 1350 1716 1384 διπλά-

193 1428 252 1448 σια
283 1417 389 1449 ταῦτα
419 1414 557 1456 διδόναι,
588 1413 819 1459 κατασχόντες
847 1415 879 1448 οἶ
911 1415 1077 1460 πρέσβεις
1107 1413 1200 1448 οὗτοι
1233 1415 1382 1447 τάλαντα
1413 1412 1507 1447 ἐννέα
1537 1414 1590 1448 καὶ
1621 1414 1747 1459 τριά-5

192 1492 292 1512 κοντα
317 1479 403 1522 μνᾶς
427 1481 494 1512 τῶν
517 1477 826 1522 ἀπεμποληθέντων
852 1478 1005 1524 φορτίων
1029 1478 1065 1512 ἐκ
1090 1480 1150 1522 τῆς
1175 1478 1257 1514 νεὼς
1284 1476 1465 1513 ὑπεύθυνοι
1491 1478 1644 1524 ἐγίνοντο
1670 1481 1718 1526 τῷ

191 1541 344 1590 δημοσίῳ
364 1543 418 1577 καὶ
439 1545 487 1590 τῷ
507 1542 692 1590 διπλασίῳ.
734 1543 963 1586 σπανιότητος
985 1543 1022 1576 δὲ
1045 1543 1227 1588 χρημάτων
1252 1541 1494 1587 κατασχούσης
1515 1543 1576 1576 τὸν
1596 1543 1714 1587 δῆμον,

189 1605 410 1653 Ἀριστοφῶν
438 1621 489 1642 τις
517 1607 717 1653 δημαγωγὸς
745 1607 879 1652 ἔγραψε
907 1606 1080 1652 ’ψήφισμα
1111 1607 1251 1641 ἑλέσθαι
1281 1607 1422 1651 ζητητὰς
1454 1611 1522 1641 τῶν
1550 1605 1713 1652 ὀφειλόν-
1732 1620 1770 1642 10

189 1686 256 1705 των
285 1674 326 1715 τῇ
357 1673 458 1706 πόλει
490 1672 543 1706 καὶ
572 1672 855 1718 ἀποπειρωμένων
885 1671 1070 1713 διαλαθεῖν,
1100 1672 1153 1706 καὶ
1182 1670 1325 1707 τούτους
1353 1670 1502 1715 μηνύειν,
1550 1671 1717 1716 ἐμήνυσεν

188 1735 372 1780 Εὐκτήμων
395 1737 413 1770 ὁ
438 1736 524 1782 πρὸς
549 1735 777 1782 Ἀνδροτίωνα
802 1737 908 1783 μικρῷ
932 1735 1087 1781 πρόσθεν
1112 1735 1379 1782 ἀγωνισάμενος,
1401 1736 1473 1769 νυνὶ
1493 1736 1529 1770 δὲ
1552 1737 1639 1782 πρὸς
1658 1742 1715 1770 Τι-

190 1799 371 1845 μοκράτην,
397 1801 489 1844 ἔχειν
513 1799 694 1845 Ἀρχέβιον
722 1800 775 1833 καὶ
801 1799 1005 1843 Λυσιθείδην
1031 1799 1066 1833 ἐκ
1092 1801 1151 1843 τῆς
1179 1799 1366 1845 Αἷγυπτίας
1393 1800 1538 1835 ὁλκάδος
1565 1801 1717 1835 τάλαντα

189 1864 284 1898 ἐννέα
306 1865 359 1898 καὶ
377 1865 556 1910 τριάκοντα
576 1866 671 1908 μνᾶς.
706 1864 841 1910 ἔγραψε
862 1864 923 1898 ἱῖιδέ
944 1864 1103 1907 δηλονότι
1123 1862 1262 1910 φεύγων
1280 1865 1342 1908 μὲν
1360 1864 1421 1908 τὴν
1440 1865 1475 1898 ἐκ
1494 1866 1556 1898 τοῦ
1575 1866 1714 1910 προφα-
1730 1876 1765 1909 15

190 1931 268 1964 νοῦς
292 1929 378 1972 πρὸς
403 1928 630 1974 Ἀνδροτίωνα
655 1929 778 1973 μάχην,
801 1929 855 1963 διὰ
875 1929 911 1962 δέ
931 1929 990 1972 τῆς
1009 1930 1077 1962 τῶν
1099 1928 1312 1973 τριηράρχων
1335 1926 1465 1973 μνήμης
1492 1928 1590 1963 οὐδέν
1613 1928 1716 1973 ἧττον

190 1992 422 2034 ἐπιβουλεύων
436 1995 484 2040 τῷ
501 1992 731 2038 Ἀνδροτίωνι.
762 1993 973 2028 διαδικασίας
993 1992 1030 2026 δὲ
1048 1993 1227 2038 γενομένης
1246 1994 1317 2027 τοῖς
1335 1993 1509 2038 πρέσβεσι
1528 1994 1615 2038 πρὸς
1633 1993 1715 2028 τοὺς

189 2057 425 2103 τριηράρχους,
447 2056 640 2100 ἡττήθησαν
666 2057 697 2090 οἱ
722 2058 889 2103 πρέσβεις
914 2057 964 2090 καὶ
993 2055 1144 2101 ὤφειλον
1163 2057 1205 2090 τὰ
1224 2055 1393 2102 χρήματα.
1434 2058 1767 2103 προστάττοντος-20

190 2121 227 2155 δὲ
253 2122 357 2165 νόμου
382 2121 442 2155 τὸν
467 2120 653 2165 ὀφείλοντα
683 2120 739 2154 ἐπὶ
766 2123 828 2154 τοῦ
857 2120 1016 2166 δευτέρου
1045 2120 1198 2154 ἐνιαυτοῦ
1226 2121 1398 2162 δεδέσθαι,
1425 2120 1485 2156 ἕως
1511 2120 1552 2155 ἂν
1578 2122 1712 2166 ἐκτίσῃ,

188 2185 335 2228 ἔμελλον
348 2187 397 2232 τῷ
416 2185 533 2232 δεσμῷ
553 2184 605 2218 καὶ
626 2185 657 2218 οἶ
675 2184 840 2229 πρέσβεις
856 2184 1194 2225 καθυποβάλλεσθαι.
1223 2184 1258 2218 ἐν
1273 2185 1310 2218 δὲ
1329 2187 1376 2232 τῷ
1397 2188 1499 2233 καιρῷ
1517 2184 1638 2234 τούτῳ,
1655 2186 1713 2232 ἀρ-

187 2249 334 2294 χομένου
349 2250 410 2282 τοῦ
430 2249 588 2294 δευτέρου
604 2248 769 2289 ἐνιαυτοῦ,
786 2248 821 2282 ἐν
837 2244 864 2296 ᾦ
883 2249 936 2282 καὶ
953 2249 1086 2292 δεθῆναι
1101 2249 1180 2285 τοὺς
1196 2251 1362 2294 πρέσβεις
1378 2250 1492 2296 ἐχρῆν,
1506 2251 1641 2296 ἔγραψε
1655 2256 1711 2285 Τι-
1723 2263 1762 2295 25

187 2314 356 2359 μοκράτης
376 2314 477 2355 νόμον
496 2315 665 2353 τοιοῦτον,
687 2311 720 2346 εἴ
735 2327 799 2346 τινι
819 2315 886 2346 τῶν
905 2312 1117 2358 ὀφειλόντων
1136 2316 1184 2361 τῷ
1206 2314 1360 2362 δημοσίῳ
1380 2314 1509 2358 δεσμοῦ
1528 2315 1712 2360 προστετί-

187 2393 288 2422 μηται
308 2378 391 2412 κατὰ
411 2379 513 2422 νόμον
532 2376 551 2421 ἢ
571 2379 654 2411 κατὰ
673 2377 845 2422 ψήφισμα
868 2376 887 2421 ἢ
912 2378 964 2412 καὶ
989 2378 1028 2412 τὸ
1052 2379 1176 2412 λοιπὸν
1195 2374 1454 2424 ὶΗτροστιμηθῇ,
1476 2378 1599 2423 ἐξεῖναι
1622 2379 1713 2428 αὐτῷ

188 2441 440 2486 καταστήσαντι
460 2443 550 2487 τρεῖς
570 2437 733 2487 ἐγγυητὰς
754 2440 771 2484 ἧ
791 2442 856 2485 μὴν
875 2440 1033 2483 ἐκτίσειν,
1049 2440 1109 2478 οὓς
1128 2441 1167 2477 ἂν
1182 2444 1200 2477 ὁ
1220 2443 1324 2487 δῆμος
1341 2443 1583 2489 χειροτονήσῃ,
1602 2444 1709 2490 Οᾶφί-
1722 2445 1803 2497 697

189 2506 288 2540 εσθαι
313 2508 373 2540 τοῦ
396 2506 538 2549 δεσμοῦ·
569 2505 626 2539 ἐὰν
645 2506 682 2539 δὲ
701 2505 745 2549 μὴ
766 2505 882 2549 ἐκτίσῃ
902 2506 1003 2541 αὐτὸς
1023 2505 1041 2550 ἢ
1062 2508 1094 2541 οἱ
1113 2508 1283 2561 ἐγγυηταὶ,
1305 2508 1366 2541 τὸν
1383 2508 1446 2551 μὲν
1464 2508 1710 2555 ἐξεγγυηθέντα

188 2570 360 2610 δεδέσθαι,
380 2573 447 2604 τῶν
466 2570 503 2604 δὲ
526 2570 698 2616 ἐγγυητῶν
717 2570 885 2614 δημοσίαν
910 2567 994 2605 εἶναι
1018 2571 1079 2615 τὴν
1102 2571 1234 2606 οὐσίαν.
1271 2570 1396 2606 τούτου
1415 2573 1476 2606 τοῦ
1500 2573 1606 2617 νόμου
1624 2587 1707 2619 γρα-

244 2680 260 2707 t
278 2683 350 2717 τοῖς
364 2680 517 2728 ἄρχαίοις
531 2683 621 2727 φησὶ
637 2683 721 2717 F.Y.
742 2684 833 2728 φησὶ
850 2685 921 2719 τοῖς
934 2683 1086 2729 ἀρχαίοις
1100 2686 1218 2732 vulgo.
1299 2692 1319 2711 U
1340 2688 1432 2720 σῦλα
1452 2685 1581 2719 πλοίων
1596 2686 1707 2720 codex

190 2735 345 2769 Vindob.
367 2748 422 2781 ap.
438 2736 578 2781 Taylor.
612 2736 812 2781 Legebatur
830 2738 934 2770 πλοῖα
954 2739 1058 2774 σῦλα.
1213 2745 1234 2764 Χ
1253 2739 1313 2775 τὰς
1332 2740 1438 2785 πέραν
1457 2738 1582 2782 νήσους
1602 2737 1707 2782 ἠδίκει

191 2789 302 2822 codex
317 2789 471 2823 Vindob.
504 2789 704 2834 Legebatur
723 2788 762 2832 ἧν
780 2790 839 2824 τὰς
857 2791 963 2835 πέραν
982 2789 1105 2834 νήσους
1125 2795 1230 2828 κακῶς
1248 2795 1366 2827 ποιῶν.
1455 2798 1474 2825 y
1493 2792 1700 2838 Γλαυκέτην]

192 2841 393 2887 Legebatur
410 2842 587 2877 Γλαυκίαν.
619 2842 702 2876 Vid.
724 2843 768 2876 ad
787 2855 823 2888 p.
842 2841 932 2889 694,
950 2852 1010 2890 15.
1187 2851 1205 2870 Ζ
1226 2847 1472 2891 Ναυκρατιτικῇ
1494 2844 1703 2880 Sehaeferus.

192 2894 392 2940 Legebatur
411 2897 634 2940 Ναυκρατικῇ.
666 2895 770 2930 Conf.
791 2896 835 2930 ad
854 2908 888 2941 p.
908 2903 996 2942 703,
1018 2907 1076 2943 15.
1163 2904 1181 2936 β
1201 2899 1238 2933 δὲ
1257 2898 1375 2933 addidi
1394 2910 1436 2932 ex
1457 2898 1534 2932 cod.
1549 2897 1704 2933 vindob.

190 2944 210 2972 b
230 2947 464 2994 προστιμηθῇ]
489 2948 735 2994 προστιμηθεὶη
755 2949 874 2994 posuit
893 2949 1073 2985 Libanius.
1094 2963 1128 2997 p.
1147 2950 1237 3000 694,
1253 2951 1291 2988 6.
1328 2951 1398 2986 Sed
1416 2951 1632 2996 προστιμηθῇ
1652 2957 1706 2986 est

190 3012 225 3046 p.
245 3008 288 3047 71
300 3012 332 3041 2,
349 3012 409 3036 21.
515 3006 533 3026 ⁰
551 3001 734 3048 ἀφίεσθαι]
759 3002 924 3047 ἀφεῖσθαι
943 3015 979 3049 p.
999 3013 1088 3048 712,
1106 3004 1166 3040 28.

890 3064 1012 3106 xk2
