1954 3273
99 165 255 218 -728,
278 183 328 208 18.
673 173 820 212 KATA
853 175 1256 213 ΊῚΜΟΚΡΑΤΟΎΣ.
1655 175 1737 217 759

218 286 444 347 ποριεῖται
483 284 697 352 φαύλους
735 286 1021 352 ἀνθρώπους,
1049 285 1127 339 οὓς
1176 285 1289 336 ὅταν
1328 287 1454 349 ὑμεῖς
1490 287 1734 352 ἀποχειρο-

218 364 449 430 τονήσητε
481 368 868 438 Οάπαλλάξεταις
909 368 989 419 ἐὰν
1027 368 1120 436 γάρ
1153 392 1223 423 τις
1262 371 1324 422 ὡς
1355 369 1408 419 οὐ
1442 369 1735 420 καθιστάντα

217 448 322 502 τοὺς
373 451 604 516 ἐγγυητὰς
647 452 776 521 ἀξιοῖ
821 452 1050 514 δεδέσθαι,
1096 451 1277 521 Ρφήσει
1327 454 1402 503 καὶ
1452 451 1732 503 καθιστάναι

215 531 291 580 καὶ
326 532 658 597 καταστήσειν,
685 536 760 585 καὶ
792 534 958 603 (Ῑδείξει
996 533 1080 586 τὸν
1112 535 1278 586 τούτου
1314 533 1474 598 νόμον,
1506 533 1556 587 ὃς
1592 539 1725 585 καθι-
1747 555 1786 578 20

212 613 386 664 στάναι
418 615 504 679 μὲν
536 617 649 669 ὅταν
684 618 916 683 βούληται
950 619 1139 682 κελεύει,
1167 618 1423 688 φυλάττειν
1449 618 1498 669 δὲ
1532 619 1644 672 τέως
1678 621 1732 670 οὐ

211 696 353 762 λέγει,
396 700 509 762 οὐδ’,
546 699 635 751 Γᾶν
678 702 1123 769 ἀποχειροτονήσηθ’
1168 704 1294 766 ὑμεῖς
1333 700 1441 756 τοὺς
1484 702 1729 768 ἐγγυητὰς,

211 782 520 847 5προστάττει
554 786 785 845 δεδέσθαι,
814 789 928 838 ἀλλ’
956 789 1019 841 ὡς
1046 789 1235 851 ἀληθῶς
1260 784 1423 852 ὥσπερ
1459 785 1722 855 ἀλεξιφάρ-

208 864 360 928 μακόν
385 869 488 918 ἐστι
514 874 610 923 τοῖς
636 872 806 921 ἀδικεῖν
832 871 1153 935 βουλομένοις.

141 957 196 1011 98
285 953 369 1019 Τῷ
406 950 455 1001 δὲ
488 953 858 1018 καταστήσαντι,
885 956 1051 1023 1ῑφησὶ,
1076 953 1185 1008 τοὺς
1215 952 1457 1019 ἐγγυητὰς,
1483 953 1563 1003 ἐὰν
1598 955 1720 1005 ἀπο·
1739 974 1776 1005 25

207 1035 319 1102 διδῷ
344 1038 402 1102 τῇ
427 1034 565 1086 πόλει
589 1034 642 1087 rb
669 1037 893 1103 ἀργύριον
917 1039 1020 1106 “ε’φ’
1050 1036 1087 1107 ῷ
1113 1038 1376 1102 κατέστησε
1409 1035 1516 1091 τοὺς
1548 1039 1718 1103 ἐγγυη-

204 1115 304 1175 τὰς,
332 1120 583 1187 νάφεῖσθαι
619 1126 702 1171 τοῦ
740 1124 931 1184 δεσμοῦ.
981 1121 1129 1172 πάλιν
1166 1123 1349 1173 ἐνταῦθ’
1376 1120 1607 1185 ἐπέμεινεν
1648 1122 1722 1172 ἐπὶ

203 1208 287 1253 τοῦ
326 1203 711 1270 κακουργήματος
761 1204 786 1256 ὃ
829 1210 980 1275 μικρῷ
1023 1204 1252 1272 πρότερον
1292 1203 1472 1267 Χεἶπον,
1517 1206 1593 1255 καὶ
1639 1205 1722 1256 οὐκ

202 1285 471 1350 ἐπελάθετο,
511 1289 603 1339 οὐδ’
645 1289 828 1358 ἔγραψε
862 1289 916 1340 τὸ
956 1290 1135 1353 τίμημα
1169 1288 1222 1340 τὸ
1260 1287 1551 1355 γιγνόμενον,
1590 1289 1721 1339 ἀλλὰ

201 1366 255 1418 τὸ
282 1369 503 1436 ἀργύριον
528 1369 554 1421 ὃ
581 1369 756 1439 ὦφλεν,
781 1371 862 1422 ἐὰν
887 1373 1108 1440 ἀποδιδῷ,
1134 1373 1361 1439 ἀφεῖσθαι
1386 1377 1469 1422 τοῦ
1496 1374 1690 1434 δεσμοῦ.
1735 1380 1816 1428 728

134 1464 188 1506 99
275 1452 393 1504 Ἐἀν
431 1453 480 1504 δὲ
516 1453 581 1519 μὴ
619 1454 872 1523 καταβάλῃ
906 1455 1182 1522 Ῡτάργύριον
1219 1453 1249 1519 ἢ
1286 1453 1424 1508 αὐτὸς
1461 1453 1490 1519 ἢ
1528 1458 1597 1504 Ζοὶ
1634 1456 1712 1520 ἐγ-

200 1540 369 1602 γυηταὶ
403 1539 477 1589 ἐπὶ
507 1541 590 1601 τῆς
628 1537 792 1603 ἐνάτης
829 1539 1120 1604 πρυτανείας,
1146 1537 1229 1589 τὸν
1262 1537 1346 1602 μὲν
1377 1538 1718 1607 ἐξεγγυηθέντα

197 1621 428 1684 δεδέσθαι,
454 1626 549 1674 τῶν
584 1625 625 1673 δ’
651 1624 894 1688 ἐγγυητῶν
920 1622 1155 1686 δημοσίαν
1180 1620 1295 1672 εἶναι
1332 1620 1418 1685 τὴν
1443 1622 1624 1672 οὐσίαν.
1668 1623 1717 1672 ἐν

196 1703 281 1769 ειδὴ
314 1709 381 1774 τῷ
416 1706 666 1774 τελευταίῳ
704 1704 855 1774 τούτῳ
892 1709 1138 1759 παντελῶς
1163 1703 1302 1758 αὐτὸς
1326 1707 1469 1755 αὑτοῦ
1507 1704 1710 1771 κατήγο-
1728 1723 1744 1755 5

196 1810 293 1854 ρος,
339 1787 438 1842 ἢὼς
481 1791 637 1852 ἀδικεῖ,
680 1786 886 1854 γεγονὼς
931 1786 1211 1855 φανήσεται.
1268 1788 1322 1837 οὐ
1362 1785 1456 1853 γὰρ
1497 1786 1620 1841 ὅλως
1661 1786 1715 1838 τὸ

195 1872 415 1924 δεδέσθαι
464 1872 569 1923 τινὰ
611 1877 706 1924 τῶν
749 1875 959 1923 πολιτῶν
1001 1869 1203 1938 αἰσχρὸν
1246 1869 1274 1935 ἢ
1320 1870 1469 1921 δεινὸν
1515 1871 1715 1934 νομίσας

101 1958 386 2007 ιοοθάπεῖπε
426 1955 492 2020 μὴ
531 1959 638 2019 δεῖν,
676 1954 808 2006 ἀλλὰ
845 1954 928 2006 τὸν
966 1954 1140 2021 καιρὸν,
1180 1956 1228 2005 ἐν
1267 1952 1304 2023 ῷ
1341 1954 1423 2005 τὸν
1461 1953 1713 2018 ἠδικηκότα

190 2041 298 2104 ε’νῆν
334 2039 548 2107 παρόντα
583 2044 764 2101 λαβεῖν,
796 2037 1032 2107 ἐκκλέψας
1068 2039 1272 2101 τοῦνομα
1306 2035 1419 2101 ᾱμέν
1453 2041 1536 2101 τῆς
1569 2061 1710 2101 τιμω-
1729 2071 1764 2092 10

189 2124 293 2190 ρίας
326 2123 457 2175 ε”λιπε
495 2128 592 2177 τοῖς
627 2121 940 2187 ἀδικουμένοις
967 2123 1116 2185 θὺμῖν,
1143 2121 1197 2172 τὸ
1224 2123 1261 2171 δ’
1291 2120 1428 2187 ε”ργον
1461 2122 1702 2189 ἀφείλετο.

1332 2205 1343 2219 ‹
1396 2202 1409 2219 l

188 2207 266 2257 καὶ
298 2207 406 2273 παρ’
434 2205 643 2258 ἀκόντων
678 2205 845 2257 ἔδωκεν
880 2205 1056 2273 ἄφεσιν
1087 2208 1184 2258 τοῖς
1213 2202 1274 2254 τὰ
1298 2202 1515 2269 ξυμετερα
1541 2203 1701 2272 ἀξιοῦ-

184 2311 268 2340 σιν
311 2290 432 2358 ἕχειν
468 2290 566 2359 βίᾳ,
603 2291 680 2341 καὶ
723 2289 867 2353 μόνον
912 2289 965 2340 οὐ
1008 2287 1325 2355 προσέγραψε
1364 2288 1495 2352 δίκην
1536 2288 1704 2356 ἐξεῖναι

239 2467 259 2487 ⁰
277 2461 527 2508 ἀπαλλάξεται]
551 2461 767 2506 ἀπαλλάξετε
785 2461 987 2497 A.Y.O.r.s.
1017 2461 1277 2506 ἀπαλλάξονται
1297 2461 1414 2496 F.S.v.
1535 2466 1555 2494 P
1575 2460 1699 2507 φήσει]

184 2515 298 2560 φὴσηι
319 2516 354 2550 S.
439 2522 459 2549 q
479 2514 598 2562 δείξει]
623 2515 730 2559 δείξηι
751 2515 785 2549 S.
816 2514 938 2560 δείξειν
956 2515 1102 2550 A.k.r.s.
1195 2520 1211 2539 Γ
1228 2512 1286 2561 ἂν]
1312 2515 1368 2549 ἐὰν
1395 2516 1470 2550 A.s.
1547 2518 1562 2538 S
1587 2528 1698 2560 προσ-

184 2569 299 2603 τάττει
328 2568 487 2604 δεδέσθαι
518 2569 555 2604 S.
599 2568 799 2614 Legebatur
832 2568 990 2602 δεδέσθαι
1021 2568 1241 2613 προστάττει.
1353 2568 1363 2588 t
1392 2567 1498 2613 φησὶ]
1534 2568 1642 2611 φήσει
1671 2580 1698 2602 s.

183 2631 291 2700 φήσῗι
311 2668 338 2689 r.
494 2660 515 2680 u
543 2653 599 2698 ἐφ’
618 2649 829 2702 ᾧ-δεσμοῡ
849 2666 921 2690 om.
941 2653 1186 2691 A.Y.o.1<.r.s.
1206 2654 1244 2688 in
1262 2654 1333 2688 ima
1347 2654 1477 2700 pagina
1494 2654 1600 2688 habet
1622 2653 1656 2687 s,
1677 2666 1698 2688 a

183 2719 229 2740 m.
251 2709 415 2743 secunda.
571 2714 589 2732 V
610 2706 775 2752 ἀφεῖσθαι
797 2708 833 2742 S.
872 2707 1009 2753 ἀφεῖναι
1027 2708 1145 2754 vulgo.
1302 2713 1322 2732 Χ
1351 2704 1463 2753 εἷπον]
1488 2704 1561 2741 εἶπε
1579 2707 1694 2742 A.k.S.

183 2765 202 2793 y
221 2760 420 2808 τάργύριον]
444 2762 484 2795 τὸ
503 2760 665 2807 ἀργύριον
686 2760 721 2794 S.
832 2766 850 2785 Ζ
870 2761 901 2794 οἶ
921 2773 991 2796 om.
1011 2774 1043 2796 v.
1133 2766 1152 2786 3
1171 2760 1229 2806 δὴ]
1254 2761 1290 2795 δέ
1310 2772 1431 2806 margo
1451 2760 1495 2794 Ο.
1587 2756 1606 2784 b
1627 2759 1689 2806 ὡς]

181 2822 232 2882 ὡὲ
246 2848 284 2881 F.
396 2852 412 2873 c
430 2846 566 2892 ἀπεῖπε]
591 2843 663 2880 εἶπε
680 2848 791 2881 A.k.s.
813 2853 848 2881 et
866 2862 924 2893 γρ.
945 2860 973 2881 r.
1076 2844 1096 2872 d
1115 2849 1176 2893 μὲν
1195 2859 1265 2882 om.
1285 2859 1337 2893 pr.
1361 2848 1396 2880 s.
1418 2847 1479 2880 sed
1497 2845 1630 2880 addidit
1646 2856 1692 2879 m.

181 2900 338 2946 antiqua.
450 2905 466 2925 θ
487 2899 581 2946 ὑμῖν]
605 2900 683 2944 ὑμῖν
702 2902 822 2942 λαβεῖν
841 2901 916 2935 F.v.
1027 2897 1042 2925 f
1059 2900 1219 2947 ὑμέτερα]
1244 2901 1387 2945 ἡμέτερα
1404 2900 1560 2935 A.S.k.r.

236 2977 331 3003 VOL.
351 2975 400 3002 11.
933 2976 957 3001 0
978 2977 1003 3001 Ο
