1954 3273
229 172 314 211 808
761 175 1224 229 [ΔΗΜΟΣΘΕΝΟὙΣ]
1314 175 1396 215 On.
1420 175 1572 216 XXV.
1595 142 1635 230 ῤ.
1654 186 1752 229 773,
1774 188 1868 214 ιο-

228 289 431 352 περιστῇ
470 288 545 336 καὶ
584 290 824 341 δοκοῦντες
862 289 990 351 ἡμεῖς
1024 288 1430 353 Ἀριστογείτονος
1469 293 1742 353 κατηγορεῖν
1760 312 1798 332 10

231 367 360 428 ὑμῶν
385 375 749 434 κατηγοροῦντες
777 375 1017 435 φανῶμεν·
1059 371 1160 440 ὅσῳ
1182 369 1276 436 γὰρ
1297 369 1354 421 ἂν
1373 375 1563 433 μᾶλλον
1587 371 1745 434 Ζήμῶν

231 450 484 519 δειξάντων
509 452 594 516 τὴν
620 453 786 504 τούτου
820 458 1048 520 πονηρίαν
1073 463 1091 482 ¹²
1106 454 1250 518 μηδὲν
1282 456 1406 518 ὑμεῖς
1445 454 1746 522 φροντίσητε,

231 534 447 604 τοσούτῳ
488 534 687 601 ι’μείζων
724 537 752 599 ἡ
791 542 896 588 καθ’
926 540 1054 601 ὑμῶν
1081 537 1284 605 αἰσχύνη
1323 539 1617 603 εγενήσεται.
1672 539 1747 587 καὶ

231 620 337 683 περὶ
361 618 446 681 μὲν
471 619 649 670 τούτων
676 619 824 672 ἱκανά.

170 718 221 756 14
309 701 446 752 Πάνυ
483 706 538 763 δ’,
565 701 601 752 ὦ
637 703 800 768 ἄνδρες·
833 705 1090 767 Ἀθηναῖοι,
1123 704 1240 767 μετὰ
1274 704 1435 768 πάσης
1473 703 1748 767 οἰκειότητος
1768 729 1801 758 ¹5

233 785 321 850 ἐρῶ
347 786 530 849 τάληθῆ
557 786 675 850 πρὸς
703 788 834 849 ὑμᾶς.
877 787 968 851 ἐγὼ
994 787 1086 853 γὰρ
1113 789 1162 838 ἐν
1188 793 1287 840 ταῖς
1321 789 1591 851 ἐκκλησίαις
1626 788 1748 852 ὁρῶν

235 871 352 931 ὑμᾶς
404 868 778 922 κατατάττοντάς
829 892 886 931 με
938 871 1012 919 καὶ
1062 869 1492 935 προχειριζομένους
1544 872 1618 920 ἐπὶ
1669 869 1754 932 τὴν

233 952 400 1003 τούτου
433 953 730 1017 κατηγορίαν,
756 951 971 1019 ἠχθόμην
1004 956 1078 1002 καὶ
1116 952 1183 1015 μὰ
1218 952 1300 1003 τὸν
1327 953 1421 1003 Δία
1457 954 1531 1003 καὶ
1575 951 1754 1005 πάντας

236 1034 394 1088 ἀθεοῦς
422 1036 504 1086 οὐκ
531 1035 851 1099 θήβουλόμην.
892 1037 945 1086 οὐ
970 1035 1064 1101 γὰρ
1089 1035 1292 1101 ἠγνόουν
1312 1036 1382 1086 ὅτι
1407 1034 1459 1086 ff>
1481 1035 1686 1100 ποιήσας
1710 1059 1752 1086 τι
1768 1059 1808 1080 20

236 1124 446 1169 τοιοῦτον
471 1119 581 1184 παρ’
609 1131 633 1165 g
669 1120 774 1180 ὑμῖν
800 1120 875 1168 καὶ
908 1117 1074 1169 παθὼν
1100 1119 1366 1186 ἀπέρχεται.
1410 1123 1445 1169 εἰ
1481 1118 1530 1169 δὲ
1566 1118 1630 1182 μὴ
1666 1142 1750 1183 τη-

237 1207 457 1252 λικοῦτον
494 1202 610 1252 ὥστ’
638 1201 771 1255 εὐθὺς
809 1203 1077 1265 αἰσθέσθαι,
1104 1205 1217 1252 ἀλλ’
1250 1201 1330 1253 ἐὰν
1368 1201 1533 1253 πολλὰ
1566 1209 1757 1253 τοιαῦτα

562 1285 582 1312 h

238 1290 349 1355 ποιῇ
379 1289 452 1338 καὶ
471 1286 535 1350 μὴ
587 1286 804 1350 παύηται,
827 1286 947 1354 ταχὺ
974 1286 1344 1352 ἰγνωσθήσεται.
1385 1286 1511 1350 ὅμως
1537 1285 1585 1336 δὲ
1611 1288 1756 1351 ἀναγ-

665 1369 685 1396 k
725 1367 743 1389 ’Ξ
925 1371 936 1386 t
1138 1368 1149 1395 1
1223 1375 1241 1383 a
1312 1371 1322 1384 c
1432 1370 1441 1382 r
1713 1370 1724 1385 ι

703 1393 816 1420 ειναι
856 1373 1101 1420 πειθεσθαι
1165 1393 1260 1423 τοις
1301 1392 1532 1435 υμετεροις
1571 1375 1756 1432 βουλη-

241 1376 372 1421 καῖον
415 1369 628 1435 ἡγούμην

180 1479 227 1520 15
242 1477 376 1520 μασι.
434 1454 494 1505 τὰ
525 1453 609 1518 μὲν
635 1455 716 1504 οὖν
740 1456 843 1519 περὶ
870 1457 952 1516 τῆς
982 1453 1216 1522 ἐνδείξεως
1255 1456 1330 1503 καὶ
1366 1457 1460 1503 τῶν
1497 1451 1650 1515 νόμων
1685 1455 1753 1504 δί-
1772 1474 1810 1504 ²5

242 1562 352 1590 καια
376 1537 532 1600 αὐτὸν,
559 1538 673 1603 ὅπερ
711 1538 943 1600 πεποίηκε,
981 1541 1256 1603 Λυκοῦργον
1285 1538 1402 1602 ἐρεῖν
1436 1536 1660 1601 ἡγούμην,
1687 1542 1762 1586 καὶ

243 1621 352 1674 τοὺς
396 1621 632 1686 μάρτυρας
677 1623 758 1683 τῆς
796 1621 1021 1686 πονηρίας
1059 1622 1142 1683 τῆς
1184 1619 1350 1669 τούτου
1395 1624 1561 1668 τοῦτον
1603 1619 1760 1684 ἑώρων

244 1703 727 1771 ιηπροσκαλούμενον·
769 1700 800 1753 ἃ
825 1702 873 1753 δὲ
906 1705 981 1753 καὶ
1022 1703 1295 1768 λογίζεσθαι
1328 1709 1348 1727 ¹¹
1369 1700 1474 1754 τοὺς
1515 1700 1630 1768 ὑπὲρ
1668 1702 1759 1753 πό-

246 1795 365 1842 λεως
404 1789 479 1838 καὶ
514 1786 669 1850 νόμων
699 1786 1068 1850 βουλευομένους
1104 1785 1336 1852 προσήκει
1377 1787 1452 1835 καὶ
1478 1789 1861 1852 σκοπεῖσθαι774

247 1872 356 1933 Οάεἳ,
396 1877 544 1921 ταῦτα
585 1869 889 1937 προῃρούμην
930 1873 1084 1930 εἰπεῖν,
1131 1873 1206 1921 καὶ
1249 1875 1331 1919 νῦν
1369 1870 1442 1919 ἐπὶ
1487 1874 1634 1918 ταῦτα
1677 1891 1765 1919 πο-

189 1971 236 2011 16
249 1954 492 2021 ρεύσομαι.
553 1953 657 2004 δότε
683 1955 737 2015 δ’,
764 1951 801 2002 ὦ
826 1953 989 2018 ἄνδρες
1012 1954 1268 2017 Ἀθηναῖοι,
1294 1959 1313 1987 P
1331 1950 1435 2002 δότε
1467 1953 1540 2001 καὶ
1568 1974 1762 2018 συγχω-

249 2037 427 2105 ρήσατε
465 2060 544 2101 μοι
585 2035 705 2102 πρὸς
739 2035 868 2098 Διὸς,
905 2038 967 2089 ὡς
1006 2035 1196 2105 πέφυκα
1234 2037 1308 2085 καὶ
1346 2034 1628 2101 προῄρημαι,
1662 2036 1767 2100 περὶ

251 2121 429 2172 τούτων
468 2123 769 2187 διαλεχθῆναι
807 2119 926 2185 πρὸς
961 2121 1096 2182 ὑμᾶς·
1138 2122 1212 2170 καὶ
1251 2118 1344 2184 γὰρ
1381 2119 1476 2168 οὐδ’
1517 2117 1574 2167 ἂν
1605 2118 1797 2171 ἄλλως5

253 2205 493 2268 δυναίμην.

191 2305 237 2346 17
320 2287 482 2340 “Amy
508 2288 532 2337 ὁ
568 2291 665 2337 τῶν
691 2286 953 2351 ἀνθρώπων
979 2287 1096 2345 βίος,
1123 2283 1184 2334 ‘⁷¹03
1211 2285 1374 2351 ἄνδρες
1402 2287 1658 2348 Ἀθηναῖοι,
1685 2283 1772 2334 κᾶν

253 2375 469 2442 μεγάλην
501 2373 644 2426 πόλιν
678 2379 840 2425 οἰκῶσι
879 2374 966 2425 κᾶν
1004 2374 1187 2439 μικρὰν,
1216 2373 1359 2441 φύσει
1392 2376 1467 2423 καὶ
1505 2372 1663 2435 νόμοις
1698 2375 1766 2422 δι-

313 2547 330 2566 ²
351 2541 443 2584 ἡμῶν
463 2538 660 2584 δειξάντων]
685 2539 866 2582 δειξάντων
885 2538 977 2581 ἡμῶν
992 2538 1028 2571 k.
1062 2537 1153 2579 ὑμῶν
1173 2536 1354 2579 δειξάντων
1370 2548 1403 2569 v.
1489 2540 1507 2559 a
1525 2533 1647 2579 μηδὲν]
1671 2533 1774 2576 μηδὲν

257 2596 392 2639 μᾶλλον
412 2594 492 2627 A.k.
587 2588 606 2616 b
627 2592 764 2636 μείζων]
786 2593 898 2635 μεῖζον
920 2591 1086 2625 F.S.Y.k.
1187 2595 1202 2614 ⁰
1223 2587 1418 2634 γενήσεται]
1442 2588 1592 2633 ’γίγνεται
1613 2587 1771 2620 A.F.k.s.

260 2645 280 2673 (Ῑ
299 2646 413 2692 θεοὺς]
437 2647 515 2681 τοὺς
534 2645 630 2680 θεοὺς
650 2644 861 2679 A.F.O.k.v.
959 2650 974 2668 θ
996 2642 1207 2689 ἠβουλόμην]
1231 2642 1423 2684 ἐβουλόμην
1445 2641 1479 2674 S.
1578 2637 1592 2664 f
1609 2641 1626 2672 ὁ
1647 2651 1717 2674 om.
1738 2640 1773 2673 S.

261 2707 282 2735 g
302 2700 396 2746 ὑμῖν]
418 2699 495 2743 ἡμῖν
514 2700 594 2733 A.k.
689 2695 708 2722 h
728 2697 891 2744 παύηται]
916 2696 1087 2740 παύσηται
1105 2696 1275 2730 F.Y.O.v.
1358 2691 1367 2718 i
1388 2693 1625 2740 ’γνωσθήσεται
1645 2693 1772 2726 A.F.S.

261 2754 401 2799 aliique,
430 2759 469 2786 ut
495 2753 630 2797 opinor,
658 2757 693 2785 et
717 2752 794 2784 Ald.
835 2752 1004 2795 γνώσεται
1034 2750 1140 2795 vulgo
1170 2762 1212 2783 ex
1244 2760 1351 2793 marg.
1382 2748 1435 2782 ed.
1466 2746 1572 2780 Paris.
1601 2758 1633 2779 a.
1666 2755 1774 2791 1570.

261 2805 280 2832 k
302 2804 385 2841 εἶναι
405 2818 474 2840 om.
497 2806 540 2839 Y.
699 2803 704 2824 ¹
734 2806 804 2838 τοῖς
824 2803 996 2847 ἡμετέροις
1017 2804 1095 2847 (sic)
1116 2801 1332 2846 βουλήμασιν
1353 2813 1436 2839 om.‚
1458 2800 1518 2834 sed
1538 2799 1573 2832 in
1593 2813 1648 2844 γρ.
1669 2799 1777 2832 habet

263 2862 300 2895 S.
344 2862 415 2894 τοῖς
446 2860 618 2905 ὑμετέροις
650 2856 865 2900 βουλεύμασι
892 2859 921 2890 Λ
939 2858 973 2891 k.
1166 2862 1195 2880 ¹1¹
1231 2853 1550 2900 προσκαλούμενον]
1581 2850 1775 2897 προκαλού-

261 2928 362 2956 μενον
383 2914 461 2947 A.k.
566 2919 584 2938 ¹¹
605 2910 1023 2955 τοὺς-βουλευομένους]
1048 2909 1435 2951 τοῖς-βουλευομένοις
1456 2905 1581 2940 F.O.v.
1686 2909 1705 2929 ⁰
1724 2904 1775 2938 ἀεὶ

264 2966 438 3000 Reiskius.
470 2966 668 3011 Legebatur
687 2965 747 2999 δεῖ.
859 2969 877 2996 P
898 2964 973 2997 δότε
994 2976 1062 2997 om.
1085 2963 1122 2996 F.
1234 2969 1252 2994 <1
1274 2958 1299 2994 ὦ
1318 2959 1617 3006 ι’ίνδρες“Αθηναῖοι
1637 2969 1709 2993 om.
1726 2969 1759 2991 v.
