1954 3273
251 143 338 183 582
801 147 1229 186 ΔΗΜΟΣΘΕΝΟΤΣ
1387 147 1468 187 οιι.
1488 144 1625 188 XXI.
1640 159 1687 202 ,μ
1704 155 1803 201 554,
1820 162 1898 188 2-—

159 269 236 310 155
252 254 342 320 ἐγὼ
370 256 407 306 δ’
435 256 533 306 ma&
558 257 828 307 τούναντίον
853 255 992 321 οἶμαι,
1015 262 1082 308 Πεἰ
1108 264 1276 309 τοῦτον
1300 260 1476 327 ἀφῆκα,
1504 258 1772 309 λελοιπέναι

250 337 348 401 μὲν,
376 336 413 388 (3
445 339 607 405 ἄνδρες
641 344 896 404 Ἀθηναῖοι,
923 339 1009 404 τὴν
1041 346 1124 391 τοῦ
1158 342 1334 392 δικαίου
1372 341 1520 409 τάξιν,
1548 339 1696 408 φόνου
1729 344 1771 391 δ’

250 419 308 470 ἂν
343 419 528 474 εἰκότως
563 424 745 489 ἐμαυτῷ
781 428 960 489 λαχεῖν·
1001 424 1054 473 οὐ
1085 422 1180 488 γὰρ
1205 422 1262 486 ἧν
1288 430 1306 449 ⁰
1316 446 1395 486 μοι
1422 422 1572 486 δήπου
1596 422 1801 482 βιωτδνε

250 510 388 554 τοῦτο
413 504 684 568 ποιήσαντι.
740 505 811 555 ὅτι
841 507 997 556 τοίνυν
1022 507 1098 555 καὶ
1130 507 1257 556 ταῦτ’
1287 509 1442 570 ἀληθῆ
1469 506 1611 571 λέγω,
1638 506 1772 557 κάλει

250 609 329 650 μοι
355 591 430 638 καὶ
456 587 634 639 τούτων
659 586 767 642 τοὺς
793 588 1047 656 μάρτυρας.

833 704 1188 745 ΡΜΑΡΤΥΡΕΣ.

156 771 236 825 156
365 772 596 826 Λυσίμαχος
635 772 925 824 Ἀλωπεκῆθεν,
966 774 1126 825 Δημέας
1165 775 1393 822 (ὶΣουνιεὺς,
1430 774 1590 827 ΓΧάρης
1624 776 1771 827 ΒΘορί-

307 855 398 886 κιος,
437 839 626 891 Φιλήμων
667 840 872 892 Σφήττιος,
915 843 1084 895 Μόσχος
1123 842 1347 888 Παιανιεὺς,
1392 841 1473 882 καθ’
1511 842 1578 884 οὓς
1617 843 1770 895 καιροὺς
1787 859 1824 880 ιο

305 906 327 956 ἡ
357 907 591 958 εἰσαγγελία
622 909 736 958 ἐδόθη
761 909 842 950 teis
870 908 940 959 τὴν
966 909 1122 960 βουλὴν
1147 910 1244 961 ὑπὲρ
1270 908 1534 962 Ἀριστάρχου
1560 913 1628 949 τοῦ
1657 911 1770 950 Μόσ-

305 989 392 1026 χου,
416 974 474 1013 ὅτι
497 976 554 1024 εἴη
577 976 801 1026 Νικόδημον
822 977 1056 1023 ἀπεκτονὼς,
1078 978 1237 1027 οἴδαμεν
1258 977 1428 1016 Μειδίαν
1449 978 1518 1016 τὸν
1539 978 1768 1029 κρινόμενον

304 1041 379 1080 ὑπὸ
410 1042 704 1092 Δημοσθένους,
733 1041 762 1097 ᾧ
791 1047 1072 1095 μαρτυροῦμεν,
1104 1044 1274 1084 ἐλθόντα
1303 1043 1398 1095 πρὸς
1428 1043 1497 1093 τὴν
1523 1044 1679 1094 βουλὴν
1707 1043 1770 1084 καὶ

304 1107 477 1159 λέγοντα
496 1109 646 1159 μηδένα
669 1110 803 1162 ἕτερον
825 1111 925 1151 εἶναι
950 1111 1019 1151 τὸν
1044 1111 1264 1161 Νικοδήμου
1285 1110 1425 1163 φονέα,
1450 1109 1539 1151 ἀλλ’
1560 1110 1769 1163 Ἀρίσταρ-
1785 1128 1822 1160 15

302 1192 390 1228 χον,
421 1177 484 1216 καὶ
513 1181 652 1217 τοῦτον
682 1179 830 1218 Παύτοΰ
860 1178 1071 1231 γεγονέναι
1099 1180 1320 1231 αὐτόχειρα,
1354 1178 1415 1218 καὶ
1444 1179 1770 1229 συμβουλεύοντα

303 1246 349 1298 τῇ
374 1247 505 1295 βουλῇ
534 1246 709 1295 βαδίζειν
739 1247 802 1286 ἐπὶ
829 1246 898 1297 τὴν
920 1248 1045 1287 οἰκίαν
1066 1246 1135 1296 τὴν
1154 1245 1419 1298 Ἀριστάρχου
1446 1246 1508 1285 καὶ
1533 1245 1770 1296 συλλαμβά-

153 1322 230 1366 157
304 1326 387 1349 νειν
415 1310 545 1351 αὐτόν.
589 1315 710 1352 ταῦτα
735 1311 765 1352 δ’
790 1312 906 1365 ἔλεγε
937 1313 1032 1364 πρὸς
1060 1312 1130 1362 τὴν
1157 1312 1311 1363 βουλὴν
1339 1315 1384 1367 τῇ
1415 1313 1659 1366 Χπροτεραίᾳ
1685 1311 1768 1362 μετ’

302 1376 564 1431 Ἀριστάρχου
597 1380 659 1420 καὶ
688 1379 771 1430 μεθ’
794 1381 901 1430 ἡμῶν
930 1381 1273 1430 συνδεδειπνηκώς.
1318 1382 1477 1430 οἴδαμεν
1504 1381 1546 1419 δὲ
1575 1380 1638 1420 καὶ
1666 1383 1766 1420 Μει-
1781 1396 1823 1417 20

303 1445 401 1494 δίαν,
435 1446 485 1487 ὡς
517 1447 694 1496 ἀπῆλθεν
725 1446 801 1487 ἀπὸ
833 1449 899 1497 τῆς
927 1450 1078 1498 βουλῆς
1113 1448 1272 1489 τούτους
1301 1447 1388 1489 τοὺς
1418 1447 1564 1498 λόγους
1595 1447 1766 1498 εἰρηκὼς,

303 1513 589 1562 εἰσεληλυθότα
624 1513 746 1554 πάλιν
782 1515 832 1556 ὡς
867 1513 1133 1567 Ἀρίσταρχον
1167 1514 1228 1554 καὶ
1263 1514 1333 1564 τὴν
1370 1513 1502 1564 δεξιὰν
1533 1515 1769 1565 Υέμβεβλη-

303 1580 396 1618 κότα
424 1580 487 1619 καὶ
515 1581 711 1630 ὀμνύοντα
742 1579 822 1621 κατ’
847 1582 1030 1631 ἐξωλείας
1057 1583 1179 1632 μηδὲν
1207 1580 1286 1621 κατ’
1311 1581 1427 1621 αὐτοῦ
1454 1581 1550 1632 πρὸς
1576 1581 1646 1632 τὴν
1672 1585 1768 1631 βου-

299 1645 376 1695 λὴν
407 1646 600 1698 εἰρηκέναι
631 1651 801 1699 φαῦλον,
835 1649 898 1688 καὶ
931 1649 1113 1699 ἀξιοῦντα
1143 1647 1409 1702 Ἀρίσταρχον
1439 1650 1544 1692 ὅπως
1575 1649 1624 1690 ἂν
1654 1653 1763 1690 διαλ-
1779 1666 1818 1698 25

299 1712 398 1767 λάξ-’ῃ
421 1713 521 1767 αὐτῷ
547 1714 822 1764 Δημοσθένην.

148 1797 228 1851 158
315 1792 402 1844 Τίς
428 1792 510 1842 οὖν
538 1792 781 1857 ὑπερβολή
804 1815 816 1854 ;
860 1795 929 1847 τίς
961 1795 1099 1857 ὁμοία
1134 1797 1191 1861 τῇ
1218 1793 1385 1845 τούτου
1412 1795 1604 1860 γέγονεν
1627 1794 1657 1860 ὴ
1683 1796 1765 1861 γε’-

240 1876 349 1925 νοιτ’
378 1873 434 1926 ἂν
468 1876 669 1943 πονηρία
692 1898 704 1939 3
751 1875 800 1930 ὃς
826 1877 975 1944 ἄνδρα
1006 1879 1283 1944 ἀτυχοῦντα,
1312 1877 1416 1929 οὐδὲ
1442 1877 1583 1929 αὐτὸν
1608 1879 1766 1943 ἠδικη-

240 1956 355 2009 κότα
397 1959 476 2022 (ἐῶ
516 1958 610 2025 γὰρ
649 1964 721 2010 Ζεὶ
768 1961 950 2028 φίλον),
991 1959 1120 2024 ῧᾶμα
1161 1966 1477 2029 συκοφαντεῖν
1515 1960 1631 2031 ᾤετο
1672 1965 1766 2013 δεῖν

239 2043 316 2091 καὶ
350 2041 470 2107 πρὸς
502 2041 581 2104 ἐμὲ
614 2041 756 2093 αὑτὸν
782 2044 988 2094 διαλύειν
1014 2043 1161 2111 ἠξίου,
1189 2045 1265 2093 καὶ
1298 2044 1424 2093 ταῦτ’
1454 2043 1653 2110 ε”πραττε
1689 2047 1763 2095 καὶ
1776 2063 1858 2108 555

239 2124 439 2190 χρήματ’
476 2124 733 2189 ἀνήλισκεν
771 2127 845 2176 ἐπὶ
884 2131 949 2194 τῷ
990 2129 1089 2190 μετ’
1126 2127 1299 2176 ἐκείνου
1337 2125 1453 2190 κάμέ
1490 2133 1764 2193 προσεκβα-

239 2213 340 2258 λεῖν
367 2210 548 2262 ἀδίκως.

146 2308 225 2351 159
313 2297 469 2344 Τοῦτο
505 2293 661 2356 μέντοι
696 2293 750 2344 τὸ
787 2299 998 2344 τοιοῦτον
1035 2293 1139 2346 ε”θος
1174 2295 1249 2343 καὶ
1284 2292 1338 2343 τὸ
1375 2292 1763 2357 κατασκεύασμα,

239 2373 303 2426 ¹³03
330 2377 492 2443 ἄνδρες
516 2379 772 2441 Ἀθηναῖοι,
794 2376 847 2428 τὸ
875 2381 970 2430 τοῖς
998 2375 1111 2442 ὑπὲρ
1131 2377 1284 2427 αὑτῶν
1310 2377 1549 2444 ἐπεξιοῦσι
1575 2378 1762 2431 δικαίως

293 2565 323 2584 m
344 2557 403 2605 αὖ]
427 2560 510 2593 αὐτὸ
533 2560 567 2594 S.
653 2566 672 2584 n
693 2560 722 2593 εἷ
742 2572 812 2594 om.
831 2572 858 2594 r.
890 2560 1001 2594 Extra
1015 2572 1166 2601 versum,
1184 2560 1243 2606 qui
1263 2572 1283 2594 a
1302 2563 1424 2594 τοῦτον
1442 2560 1576 2606 incipit,
1594 2560 1763 2605 scriptum

238 2612 274 2646 in
294 2613 336 2646 A.
421 2618 439 2637 ⁰
458 2627 516 2655 μοι
535 2618 616 2658 post
636 2612 744 2655 δήπου
765 2620 903 2658 ponunt
922 2614 1035 2647 A.k.r.
1120 2621 1140 2649 P
1161 2614 1403 2659 MAPTYPEE]
1427 2614 1605 2659 μαρτυρίαι
1628 2612 1760 2647 P.Y.O.

239 2664 407 2710 μαρτυρία
429 2665 497 2699 S.s.
537 2665 793 2699 Testimonium
815 2667 929 2711 ipsum
950 2678 1020 2701 om.
1043 2667 1085 2700 A.
1252 2672 1271 2699 q
1292 2666 1462 2712 Σουνιεὺς]
1487 2666 1628 2701 σουνεὺς
1650 2666 1762 2699 P.S.s.

240 2725 254 2744 Γ
275 2718 403 2763 Χάρης]
423 2719 541 2762 χιάρης
559 2718 828 2752 F.S.Y.O.s.t.v.
899 2725 913 2743 S
935 2718 1108 2764 Θορίκιος]
1134 2718 1267 2764 θόρκιος
1287 2725 1379 2753 s.t.v.
1451 2718 1465 2743 t
1485 2720 1532 2754 εἷς
1553 2719 1761 2753 SchaeferUS.

239 2771 440 2816 Legebatur
466 2771 483 2814 ἡ
513 2771 571 2810 εἷς,
600 2772 841 2805 consentiente
871 2773 1100 2817 grammatico
1129 2772 1165 2805 in
1194 2773 1346 2806 Bckkeri
1373 2773 1504 2806 Auecd.
1528 2785 1563 2818 p.
1588 2771 1674 2818 176,
1695 2781 1760 2815 31.

241 2830 260 2848 ¹¹
281 2824 385 2857 αὐτοῦ
408 2823 570 2858 P.Y.O.s.
601 2824 703 2857 αὐτὸν
724 2825 840 2870 vulgo.
918 2831 933 2846 ¹
954 2824 1155 2870 προτεραίᾳ]
1180 2825 1327 2870 προτέρᾳ
1349 2824 1477 2859 P.S.O.
1549 2831 1568 2859 y
1587 2824 1758 2869 ἐμβεβλη-

238 2877 319 2909 κότα
339 2877 520 2922 Taylorus.
557 2877 756 2921 Legcbatur
776 2877 820 2912 ὡς
839 2877 1088 2921 ἐμβεβληκότα.
1227 2883 1243 2902 2
1264 2877 1310 2924 εἷ]
1335 2877 1440 2912 εἰπεῖν
1460 2878 1494 2912 k.
1631 2882 1651 2902 ⁸
1669 2875 1755 2922 ἅμα]

237 2927 326 2962 ἀλλὰ
347 2941 374 2963 r.
486 2926 505 2954 b
526 2925 552 2963 ὦ
569 2930 688 2974 ἅνδρες
706 2928 893 2975 Ἀθηναῖοι]
918 2927 945 2964 ὦ
963 2931 1120 2964 δικασταὶ
1139 2931 1210 2964 Λ.Υ.
