1954 3273
57 178 214 223 —773‚
229 188 260 213 9.
583 174 725 211 ΚΑΤΑ
760 173 1231 211 ΑΡΙΣΤΟΓΕΙΤΟΝΟΣ
1266 175 1311 210 Α.
1621 172 1705 213 807

185 283 261 332 καὶ
292 282 448 333 πάντα
486 283 544 333 τὰ
582 289 772 334 τοιαῦτα
806 284 1248 346 συνεσκευασμένοι,
1275 282 1340 333 ῶν
1374 284 1456 333 οὐκ
1493 283 1550 333 ἂν
1585 285 1706 348 εὖροι

184 387 253 418 τις
292 367 596 432 ἐναντιώτερα
635 371 701 435 τῷ
743 365 1107 428 ι)βουλευέσθαι,
1154 366 1322 432 νομίζω
1367 365 1415 417 δὲ
1466 366 1560 429 0μά
1602 365 1706 419 τοὺς

185 449 315 503 θεοὺς
352 451 444 500 οὐδ’
480 449 539 500 ἂν
577 452 762 518 αἰσχίω.
808 452 883 500 καὶ
922 450 1102 504 τούτοις
1138 457 1234 505 τοῖς
1271 456 1487 518 αἰσχροῖς
1526 448 1702 501 “dmin-

183 555 278 583 των
317 539 442 584 8τῶν
480 537 562 597 τῆς
597 534 782 587 πόλεως
818 539 981 585 καλῶν
1016 536 1228 601 περίεισι,
1272 539 1366 585 τῶν
1409 533 1577 597 νόμων,
1613 538 1708 584 τῶν
1724 556 1757 585 15

118 618 439 684 Ιοπροέδρων,
490 625 573 668 τοῦ
618 618 1028 684 ῑπρογροῖμματος,
1074 621 1156 681 τῆς
1208 620 1473 682 εὐκοσμίας.
1543 622 1579 668 εἰ
1623 617 1708 681 μὲν

183 702 264 751 οὖν
303 703 430 764 ὑμεῖς
467 707 615 752 ταῦτα
652 702 891 763 βούλεσθε
934 705 1008 752 καὶ
1044 701 1162 764 μετὰ
1201 705 1283 765 τῆς
1323 702 1543 768 ὑμετέρας
1578 702 1700 766 γνώ-

177 808 268 849 μης
306 785 432 835 οὗτοι
469 790 617 835 ταῦτα
658 790 889 847 ποιοῦσιν,
931 786 1024 853 ὁδῷ
1067 783 1270 849 ἕβαδίζει
1309 787 1382 834 καὶ
1424 786 1503 836 ε’ἇν
1538 788 1614 836 δεῖ.
1669 789 1706 835 εἰ

177 869 216 919 δ’
245 868 676 934 ἐπανορθώσασθαι
719 872 848 918 ταῦτ’
877 867 944 918 ε”τι
983 869 1058 918 καὶ
1100 872 1182 917 νῦν
1219 867 1374 917 οἴεσθε
1409 870 1591 934 χρῆναι,
1631 869 1706 917 καὶ

176 951 236 1003 τὰ
261 952 547 1018 ι’προειμένα
585 952 747 1018 πόρρω
783 955 857 1002 καὶ
883 949 1040 1003 πολὺν
1068 950 1155 1015 ἤδη
1182 949 1354 1018 χρόνον
1381 954 1591 1017 αἰσχρῶς
1630 952 1704 1001 καὶ
1720 980 1759 1001 20

177 1040 328 1090 κακῶς
379 1034 469 1086 ὑπὸ
514 1036 692 1087 τούτων
745 1037 1005 1098 διακείμενα
1055 1034 1229 1095 βελτίω
1279 1037 1489 1097 ποιῆσαι,
1540 1033 1698 1084 πάντα

176 1120 235 1171 τὰ
261 1125 452 1170 τοιαῦτα
486 1120 568 1183 ε”θη
605 1120 888 1186 παριδόντας
913 1118 1058 1182 ἰὺμᾶς
1097 1118 1298 1184 τήμερον
1325 1118 1475 1184 ὀρθῶς
1501 1116 1604 1167 1(δεῖ
1626 1121 1699 1168 δι-

114 1221 157 1248 11
177 1203 335 1264 κάσαι,
380 1202 466 1267 τὴν
515 1202 574 1254 τὰ
624 1204 777 1253 δίκαια
828 1205 1094 1268 ἀγαπῶσαν
1136 1202 1374 1264 Εὐνομίαν
1415 1203 1522 1266 περὶ
1567 1202 1702 1252 πλεί-

176 1311 297 1339 στου
334 1287 697 1351 ποιησαμένους,
727 1287 756 1350 ἣ
794 1286 956 1340 πάσας
996 1288 1072 1337 καὶ
1107 1285 1269 1340 πόλεις
1309 1287 1384 1336 καὶ
1417 1286 1574 1352 χώρας
1605 1286 1700 1336 σώ-
1717 1312 1754 1341 25

175 1372 248 1437 ζει,
288 1373 363 1422 καὶ
407 1371 492 1435 τὴν
533 1371 853 1437 ἀπαραίτητον
891 1373 965 1421 καὶ
1011 1369 1191 1434 σεμνὴν
1231 1371 1398 1434 Δίκην,
1439 1369 1496 1432 ἢν
1542 1370 1566 1419 ὁ
1611 1368 1696 1423 τὰς

177 1453 441 1521 ἁγιωτάτας
483 1453 608 1518 1ἡμῖν
649 1453 842 1507 τελετὰς
882 1453 1160 1521 καταδείξας
1198 1451 1408 1520 Ὀρφεὺς
1446 1451 1578 1518 παρὰ
1619 1451 1700 1502 τὸν

177 1545 261 1590 τοῦ
288 1537 403 1593 Διὸς
430 1537 600 1605 θρόνον
628 1541 750 1607 φησὶ
777 1538 1043 1602 καθημένην
1061 1537 1218 1589 πάντα
1244 1537 1303 1588 τὰ
1328 1542 1421 1588 τῶν
1442 1536 1704 1603 ἀνθρώπων

402 1629 433 1648 m
475 1626 484 1639 ⁵

112 1625 368 1691 12ἐφορᾶν,
449 1645 511 1675 εις
549 1621 727 1672 “αὑτὸν
763 1622 965 1672 ἕκαστον
1008 1621 1271 1684 νομίσαντα
1308 1628 1326 1647 ⁰
1347 1621 1544 1681 βλέπειν
1579 1622 1701 1671 οὕτω

178 1705 526 1775 Ρψηφίζεσθαι,
553 1705 912 1773 φυλαττόμενον
938 1712 958 1739 q
974 1706 1049 1755 καὶ
1074 1704 1404 1771 προορώμενον
1438 1702 1503 1767 μὴ
1542 1722 1793 1767 Karou-773

174 1794 348 1857 σχῦναι
382 1788 568 1852 ταύτην,
605 1788 660 1852 ἧς
695 1788 937 1850 ἐπώνυμός
973 1789 1105 1838 ἐστιν
1141 1789 1269 1850 ὑμῶν
1304 1787 1503 1840 ἕκαστος
1534 1788 1591 1837 Γὸ
1630 1788 1700 1837 ἀεὶ

174 1872 370 1938 δικάζειν
423 1870 599 1938 λαχὼν,
651 1869 837 1921 εἱποῖντα
886 1869 945 1920 τὰ
997 1870 1075 1919 ῐέν
1125 1873 1183 1937 τῇ
1246 1868 1382 1920 πόλει
1447 1869 1572 1920 καλὰ
1624 1871 1700 1920 καὶ

177 1956 332 2005 δίκαια
371 1957 445 2006 καὶ
481 1954 790 2022 συμφέροντα
824 1951 1118 2022 “φυλάττειν
1152 1952 1364 2017 Χταύτην
1402 1952 1487 2016 τὴν
1525 1952 1728 2018 ἡμέρανε

178 2037 576 2103 παρακαταθήκην
620 2037 809 2103 ε”νορκον
852 2034 1059 2104 εἰληφὼς
1108 2036 1237 2102 παρὰ
1282 2041 1376 2087 τῶν
1421 2036 1576 2100 νόμων
1622 2038 1699 2086 καὶ

113 2134 158 2176 ¹3
175 2125 258 2185 τῆς
295 2124 535 2175 πολιτείας
573 2124 648 2172 καὶ
687 2124 769 2185 τῆς
806 2121 1041 2186 πατρίδος.
1083 2123 1144 2173 ὡς
1183 2124 1220 2170 εἰ
1258 2119 1322 2183 μὴ
1364 2125 1530 2171 τοῦτον
1567 2119 1697 2188 ἕξετε

172 2205 255 2256 τὸν
288 2204 479 2270 τρόπον,
506 2207 615 2256 ἀλλ’
644 2204 738 2255 ἀπὸ
773 2208 855 2268 τῆς
893 2204 1127 2268 συνήθους
1167 2205 1373 2267 εὐηθείας
1409 2208 1689 2267 Ῡεῖσεληλυ-

173 2289 304 2343 θότες
331 2293 616 2352 καθεδεῖσθε,
647 2294 889 2357 φοβοῦμαι
923 2288 988 2354 μὴ
1013 2287 1067 2339 τὸ
1094 2293 1293 2354 πρᾶγμα
1328 2292 1390 2345 εἷς
1428 2289 1696 2338 τούναντίον

225 2434 244 2462 b
273 2437 521 2482 βουλεύεσθαι]
544 2436 736 2478 βούλεσθαι
757 2437 801 2471 Ο.
960 2443 975 2461 ⁰
1004 2438 1050 2480 μὰ
1070 2437 1147 2472 τοὺς
1172 2437 1269 2472 θεοὺς
1298 2449 1366 2471 om.
1392 2436 1560 2470 F.Y.O.v.
1581 2437 1618 2470 in
1637 2451 1691 2480 γρ.

171 2491 276 2524 habet
294 2491 328 2523 S.
452 2488 469 2515 (ἲ
492 2489 665 2535 ἁπάντων]
690 2490 823 2523 πάντων
844 2490 920 2524 F.v.
1034 2495 1049 2514 e
1078 2493 1145 2523 τῶν
1164 2492 1223 2533 τῆς
1243 2492 1374 2525 πόλεως
1394 2489 1522 2535 καλῶν]
1548 2493 1614 2522 τῶν
1634 2504 1690 2522 κα-

169 2545 240 2577 λῶν
259 2546 326 2576 τῶν
347 2544 405 2585 τῆς
423 2544 555 2578 πόλεως
574 2543 735 2577 A.F.k.v.
848 2540 864 2567 f
879 2542 1161 2588 προγράμματος]
1185 2544 1384 2589 πράγματος
1402 2555 1434 2575 v,
1524 2548 1543 2575 g
1561 2542 1692 2584 βαδίζει

170 2596 222 2629 καὶ
242 2596 315 2641 ε’ᾶν]
339 2596 490 2638 βαδίζειν
509 2595 566 2629 ε’(ἶν
584 2610 640 2641 γρ.
663 2596 699 2630 S.
721 2602 756 2629 et
776 2601 952 2630 correctus
970 2596 1007 2629 k.
1038 2596 1188 2638 βαδίζειν
1208 2597 1260 2630 καὶ
1280 2596 1337 2630 ε’ἇν
1353 2596 1475 2630 A.F.v.
1567 2592 1588 2620 h
1607 2609 1691 2639 προ-

171 2649 300 2694 ειμένα]
324 2649 549 2694 προειρημένα
571 2649 606 2682 S.
716 2646 827 2692 Ῐὺμᾶς
846 2661 916 2683 om.
937 2661 970 2683 v.
992 2649 1029 2682 in
1048 2664 1104 2695 γρ.
1126 2650 1233 2683 habet
1253 2649 1292 2683 F.
1411 2646 1425 2668 Β
1449 2648 1499 2681 δεῖ
1518 2660 1587 2682 om.
1608 2648 1690 2681 A.k.

171 2699 183 2728 l
203 2702 279 2745 ἡμῖν
299 2702 455 2747 τελετὰς]
479 2702 616 2737 τελετὰς
638 2701 715 2745 ἡμῖν
730 2703 765 2736 k.
798 2703 876 2742 ὑμῖν
894 2703 1034 2737 τελετὰς
1056 2702 1187 2737 S.Y.O.
1338 2710 1366 2727 ffl
1390 2701 1452 2747 εἷς]
1479 2700 1518 2744 ἣν
1538 2702 1584 2736 εἷς
1601 2701 1690 2735 A.F.

171 2755 337 2789 Y.O.k.v.
495 2761 514 2779 n
535 2755 637 2788 αὑτὸν
659 2755 694 2789 S.
736 2756 855 2789 ἑαυτὸν
874 2756 992 2801 Vulgo.
1149 2761 1167 2781 0
1195 2754 1354 2800 βλέπειν]
1388 2753 1428 2788 ἂν
1447 2752 1589 2796 βλέπειν
1608 2754 1690 2789 A.k.

170 2813 191 2841 P
211 2808 446 2853 ψηφίζεσθαι]
473 2809 523 2842 δεῖ
542 2808 758 2853 ψηφίζεσθαι
778 2809 858 2842 A.k.
958 2818 975 2842 (1
997 2809 1050 2842 καὶ
1069 2810 1309 2855 προορώμενον
1329 2820 1400 2842 om.
1423 2820 1474 2853 pr.
1496 2807 1536 2841 Y.
1638 2813 1654 2831 1'
1673 2808 1691 2839 ὁ

171 2873 241 2895 om.
264 2861 301 2896 S.
414 2865 428 2885 S
449 2862 557 2895 πάντα
576 2861 636 2907 τὰ]
658 2862 700 2895 τὰ
718 2862 852 2896 πάντων
871 2865 938 2896 τῶν
957 2862 1116 2898 A.F.k.v.
1137 2868 1174 2897 et
1192 2876 1248 2908 γρ.
1268 2862 1303 2895 S.
1415 2859 1429 2884 t
1455 2861 1490 2894 ἐν
1509 2862 1549 2903 τῇ
1569 2859 1686 2906 πόλει]

170 2914 206 2948 ἐν
225 2917 266 2958 τῇ
285 2913 440 2959 πολιτείᾳ
459 2929 514 2960 γρ.
538 2915 575 2949 S.
607 2915 642 2949 ἐν
661 2913 766 2958 ταύτῃ
787 2918 828 2958 τῇ
847 2916 947 2949 πόλει
968 2916 1008 2949 F.
1123 2923 1143 2942 U
1165 2915 1352 2961 φυλάττειν
1371 2913 1462 2948 Y.O.
1507 2914 1692 2958 φυλάττων

170 2968 288 3013 vulgo.
392 2974 407 2990 Χ
429 2967 569 3014 ταύτην]
594 2969 645 3002 καὶ
665 2967 789 3011 ταύτην
811 2968 939 3002 S.Y.O.
1026 2975 1045 3002 Υ
1065 2967 1342 3014 εἰσεληλυθότες]
1368 2967 1573 3011 ἐληλυθότες
1592 2967 1672 3000 A.k.

226 3043 320 3068 VOL.
340 3041 390 3068 ΙΙ.
924 3043 948 3068 U
974 3044 998 3068 U
