1954 3273
213 182 298 223 546
759 189 1184 228 ΔΗΜΟΣΘΕΝΟΎΣ
1331 187 1412 225 On.
1437 185 1575 225 XXI.
1598 199 1639 240 p.
1653 186 1751 238 520,
1770 199 1845 222 5—

218 297 271 346 οὐ
295 296 450 358 μέντοι
477 297 669 349 Χπιῖισοῖν
693 319 762 364 γε·
805 301 858 350 οὐ
888 299 981 366 γὰρ
1007 299 1252 364 Υήδυνήθη.
1305 300 1476 349 Ζκαίτοι
1507 297 1644 348 τοῦτό
1675 300 1749 363 γ’5

218 379 362 432 οὐδεὶς
399 380 589 431 πώποτε
628 383 789 433 οὐδένα
824 386 974 450 φησὶν
999 383 1241 447 ἀκηκοέναι
1267 381 1578 446 τολμήσαντα
1616 380 1721 432 οὐδὲ

150 482 202 520 24
214 462 480 526 ποιήσαντα
515 466 562 515 ἐν
596 470 654 531 τῇ
694 465 845 516 πόλει.
889 468 970 517 οὐκ
1009 468 1248 533 ἀπέχρησε
1291 468 1327 516 δ’
1369 467 1528 535 Βαὺτῷ
1570 471 1721 527 τοῦτο,

214 546 345 597 ἀλλὰ
384 550 460 598 καὶ
497 548 579 598 τὸν
617 549 921 611 διδάσκαλον,
949 548 985 599 ὦ
1022 550 1183 615 ἄνδρες
1212 552 1466 613 Ἀθηναῖοι,
1494 549 1729 616 διέφθειρέ

213 652 303 692 μου
341 636 423 680 τοῦ
461 637 619 697 χοροῦ·
663 634 738 682 καὶ
765 636 801 682 εὶ
835 632 899 697 μὴ
926 633 1210 700 Τηλεφάνης
1246 634 1270 682 ὁ
1309 631 1514 696 αὑλητὴς
1541 634 1722 698 ἀνδρῶν

213 712 465 773 βέλτιστος
490 717 595 780 περὶ
622 715 699 778 ἐμὲ
737 716 840 767 τότε
879 717 1073 782 ἐγένετο,
1099 720 1173 768 καὶ
1211 716 1265 767 τὸ
1299 722 1497 783 πρᾶγμα
1527 715 1721 768 ὒαῖσθό-
1739 741 1775 761 ιο

211 819 349 859 μενος
386 796 468 847 τὸν
502 798 750 864 ἄνθρωπον
776 800 1025 855 ἀπελάσας
1051 801 1188 854 αὐτὸς
1223 805 1499 867 συγκροτεῖν
1538 803 1612 851 καὶ
1648 804 1718 851 δι-

213 879 404 931 δάσκειν
443 881 557 950 ᾤετο
596 886 690 934 δεῖν
734 883 816 935 τὸν
860 884 1016 952 χορὸν,
1055 887 1151 936 οὐδ’
1195 885 1251 935 ἂν
1296 883 1644 950 ἠγωνισάμεθα,
1688 882 1725 934 ὦ

212 962 374 1029 ἄνδρες
403 969 657 1029 Ἀθηναῖοι,
685 969 795 1017 ἀλλ’
824 969 1067 1021 ἀδίδακτος
1093 967 1150 1018 ἂν
1176 970 1396 1031 εἰσῆλθεν
1422 968 1447 1017 ὁ
1473 966 1612 1033 χορὸς
1647 969 1722 1016 καὶ

145 1061 195 1103 25
211 1046 447 1112 πράγματ’
487 1050 700 1118 αἴσχιστ’
740 1050 796 1101 ἂν
835 1052 1080 1116 ἐπάθομεν.
1126 1055 1201 1103 καὶ
1246 1054 1342 1102 οὐδ’
1381 1052 1558 1102 ἐνταῦθ’
1605 1052 1720 1115 ἔστη
1736 1079 1771 1109 ¹5

211 1133 293 1194 τῆς
330 1133 518 1196 ὕβρεως,
546 1135 676 1185 ἀλλὰ
701 1142 930 1186 τοσοῦτον
956 1138 1080 1205 αὐτῷ
1105 1139 1267 1202 περιῆν
1294 1134 1417 1186 ὥστε
1449 1134 1531 1186 τὸν
1556 1137 1715 1185 οε’στε-

211 1217 488 1283 φανωμένον
514 1219 722 1286 ἄρχοντα
748 1220 989 1289 διέφθειρε,
1016 1220 1124 1273 τοὺς
1161 1219 1393 1287 χορηγοὺς
1423 1222 1627 1284 συνῆγεν
1651 1220 1718 1269 ἐπ’

210 1298 301 1362 ἐμὲ,
340 1306 481 1364 βοῶν,
522 1305 742 1365 ἀπειλῶν,
785 1305 1011 1367 ὀμνύουσι
1050 1304 1359 1370 παρεστηκὼς
1394 1308 1488 1356 τοῖς
1532 1307 1720 1368 κριταῖς,

209 1382 269 1432 τὰ
304 1385 606 1450 παρασκήνια
646 1387 882 1455 φράττων,
910 1392 1185 1454 προσηλῶν,
1213 1388 1393 1451 ἰδιώτης
1425 1385 1489 1437 ὢν
1519 1385 1578 1436 τὰ
1604 1386 1716 1449 ἀδη-

208 1465 369 1528 μόσια,
427 1468 547 1519 κακὰ
609 1473 718 1521 Θκαὶ
779 1471 1034 1538 πράγματα
1098 1471 1312 1536 ἀμύθητά
1369 1495 1449 1534 μοι
1499 1470 1718 1537 παρέχων
1731 1495 1773 1516 20

142 1559 194 1602 26
210 1551 484 1603 διετέλεσεν.
527 1556 603 1604 καὶ
643 1555 834 1617 τούτων,
876 1556 969 1606 ὅσα
1002 1554 1074 1621 ἰγε
1109 1558 1157 1606 ἐν
1190 1560 1256 1625 τῷ
1295 1554 1427 1624 δήμῳ
1463 1554 1655 1620 γέγονεν
1689 1553 1719 1618 ἢ

207 1637 325 1702 πρὸς
352 1642 447 1690 τοῖς
473 1644 647 1703 κριταῖς
680 1641 728 1689 ἐν
763 1644 828 1709 τῷ
862 1639 1054 1709 θεάτρῳ,
1083 1642 1206 1703 ὑμεῖς
1246 1640 1360 1689 ἐστέ
1378 1661 1455 1701 μοι
1491 1637 1720 1704 μάρτυρες

1500 1719 1521 1746 h

206 1720 390 1782 πάντες,
431 1718 495 1771 ἓὦ
533 1721 695 1788 ἄνδρες
730 1723 961 1773 δικασταί.
1001 1721 1149 1772 καίτοι
1182 1725 1277 1771 τῶν
1309 1720 1467 1786 λόγων
1527 1719 1718 1772 τούτους

205 1803 297 1871 χρὴ
333 1803 675 1858 ἰδικαιοτάτους
709 1807 943 1870 ἡγεῖσθαι,
973 1805 1050 1859 οὓς
1083 1804 1140 1855 ἂν
1175 1809 1216 1855 οἱ
1253 1804 1502 1869 καθήμενοι
1539 1807 1606 1872 τῷ
1639 1804 1716 1854 λέ-
1732 1821 1768 1852 ²5

206 1911 337 1953 γοντι
380 1894 685 1954 μαρτυρῶσιν
726 1891 914 1953 ἀληθεῖς
956 1887 1082 1940 εἶναι.
1133 1888 1523 1957 ι(προδιαφθείρας
1564 1889 1719 1938 τοίνυν

206 1971 313 2025 τοὺς
352 1971 511 2037 κριτὰς
555 1976 620 2040 τῷ
654 1974 801 2037 ἀγῶνι
844 1977 938 2022 τῶν
974 1975 1170 2038 ἀνδρῶν,
1209 1973 1291 2024 δύο
1331 1978 1478 2023 ταῦτα
1516 1973 1719 2037 ὡσπερεὶ

207 2054 444 2123 κεφάλαια
482 2057 550 2123 ἐφ’
582 2054 736 2106 ἅπασι
767 2060 862 2108 τοῖς
900 2057 1048 2124 ἑαυτῷ
1075 2056 1450 2118 νενεανιευμένοις
1487 2055 1718 2119 ἐπέθηκεν,

206 2140 318 2200 ἐμοῦ
355 2138 440 2201 μὲν
471 2140 640 2204 ὕβρισε
679 2138 750 2189 1τὸ
786 2144 942 2202 σῶμα,
982 2144 1076 2207 ῙΠτῇ
1113 2144 1244 2208 φυλῇ
1280 2139 1327 2190 δὲ
1366 2140 1605 2207 κρατούσῃ
1636 2138 1719 2190 τὸν

207 2222 367 2285 ἀγῶνα
394 2221 663 2275 αἰτιώτατος
689 2227 771 2272 τοῦ
798 2221 862 2286 μὴ
891 2226 1078 2286 νικῆσαι
1100 2223 1322 2286 κατέστη.
1729 2247 1809 2290 52¹

141 2329 190 2372 27
281 2302 358 2353 Τὰ
382 2303 467 2366 μὲν
493 2305 574 2354 οὖν
608 2309 670 2357 εἷς
704 2303 782 2365 ἐμὲ
818 2308 894 2355 καὶ
923 2305 1030 2359 τους
1064 2306 1272 2375 φυλέτας
1307 2307 1610 2372 ἠσελγημένα
1643 2308 1718 2357 καὶ

208 2388 349 2451 Ππερὶ
387 2386 472 2450 τὴν
505 2387 670 2453 ἑορτὴν
709 2388 970 2452 ἀδικήματα
1004 2388 1154 2458 τούτῳ
1189 2389 1510 2454 πεπραγμένα,
1544 2391 1619 2458 ἐφ’
1652 2389 1718 2443 οἷς

261 2599 281 2618 Χ
300 2594 431 2639 πᾶσάν]
455 2595 581 2629 πάντας
601 2596 753 2630 A.F.k.1·.
776 2602 810 2630 ct
830 2609 883 2642 pr.
906 2610 938 2631 v.
1026 2603 1044 2630 Υ
1065 2595 1226 2642 ἠδυνήθη]
1251 2595 1391 2639 ἐδυνήθη
1410 2596 1523 2629 P.S.v.
1609 2601 1626 2620 Ζ
1647 2594 1717 2630 καί-

207 2661 259 2680 τοι
278 2649 381 2681 τοῦτό
400 2647 451 2694 γ’]
474 2648 579 2681 καίτοι
599 2651 753 2682 τοιοῦτον
769 2650 873 2684 F.t.v.
904 2651 955 2683 καὶ
971 2652 1126 2683 τοιοῦτον
1140 2650 1353 2684 P.S.Y.O.S.
1385 2649 1490 2683 Cous.
1513 2650 1556 2683 ad
1572 2662 1608 2695 p.
1623 2660 1715 2696 492,

210 2728 269 2752 20.
381 2723 399 2742 a
418 2717 526 2765 αὐτῷ]
550 2719 630 2752 αὐτὸ
651 2718 695 2752 Ο.
805 2715 824 2743 b
845 2718 1064 2764 αἰσθόμενος]
1084 2708 1266 2762 ῖσθόμενος
1288 2718 1324 2753 S.
1438 2723 1453 2743 ⁰
1476 2718 1715 2763 ἐστεφανωμέ-

206 2770 280 2817 νον]
305 2770 582 2815 στεφανούμενον
601 2784 634 2806 v,
720 2768 737 2795 d
759 2772 921 2818 δημόσια]
946 2773 1091 2816 δημόσιά
1112 2786 1167 2814 μοι
1187 2778 1213 2806 t.
1307 2777 1322 2796 θ
1343 2773 1395 2805 καὶ
1415 2784 1483 2806 om.
1505 2784 1532 2806 r.
1627 2768 1643 2795 f
1657 2770 1714 2817 γε]

205 2825 266 2868 μέν
287 2825 390 2859 F.t.v.
502 2830 522 2857 g
542 2821 570 2861 ὦ
588 2836 656 2858 0111.
682 2825 839 2859 P.S.O.s.
953 2823 971 2849 h
992 2825 1133 2859 τούτους
1155 2838 1223 2859 om.
1246 2838 1272 2858 s.
1367 2822 1375 2849 i
1396 2823 1642 2869 δικαιοτάτους]
1664 2825 1714 2858 δι-

206 2878 402 2912 καιοτάτους
422 2878 473 2911 καὶ
492 2879 720 2912 πιστοτάτους
741 2879 851 2911 A.k.r.
949 2876 966 2902 k
988 2878 1255 2925 προδιαφθείρας
1272 2878 1433 2912 ἎόΙΗιΙΞ.
1463 2877 1715 2923 προσδιαφθεί-

205 2945 266 2975 ρας
284 2931 374 2965 libri.
505 2927 513 2954 Ῑ
534 2932 573 2964 τὸ
594 2930 707 2976 σῶμα]
731 2934 778 2978 τῷ
797 2933 928 2974 σώματι
949 2946 978 2966 s.
1010 2932 1056 2966 εἷς
1075 2933 1114 2965 τὸ
1135 2936 1233 2976 σῶμα
1255 2932 1358 2965 F.t.V.
1487 2937 1517 2955 ¹¹¹
1535 2933 1576 2973 τῇ
1597 2942 1665 2964 om.
1687 2942 1714 2964 S.

207 2989 225 3007 ¹¹
246 2983 340 3029 περὶ]
363 2985 404 3018 τὰ
424 2985 500 3030 περὶ
519 2985 632 3020 A.k.s.
