1954 3273
30 141 180 195 —563‚
199 157 229 180 a.
698 143 839 180 ΚΑΤΑ
874 143 1120 179 ΜΕΙΔῙΟὙ.
1585 137 1667 181 591

147 257 324 317 γοῦντα
349 253 423 303 ἐπὶ
445 251 626 318 κόρρης,
670 253 795 302 ε”στω
820 257 982 310 ταῦτα,
1011 251 1144 302 ἀλλὰ
1169 255 1388 317 χορηγῶν
1412 258 1489 315 εξγε
1517 272 1661 316 χορη·
1686 269 1722 290 ¹0

147 342 323 402 γοῦντα
347 341 470 386 τοῦτ’
497 337 732 400 ἐποίησεν,
760 337 888 386 οὔπω
915 335 1047 386 τόνδε
1074 334 1156 386 τὸν
1177 335 1320 398 νόμον
1339 334 1665 399 παραβαίνων·

146 422 200 471 οὑ
234 421 327 487 γὰρ
365 421 509 472 ε”κειτό
547 444 636 472 πω.
681 420 833 489 εἶρξεν
859 419 1194 487 ῙἈγοῖθαρχον
1227 417 1309 470 τὸν
1345 418 1548 486 γραφέα·
1591 420 1667 467 καὶ

145 503 239 570 γὰρ
279 509 427 554 ταῦτα
471 504 713 570 λέγουσιν.
756 503 921 563 λαβὼν
960 503 1046 569 ἕγέ
1085 526 1129 554 τι
1166 508 1556 566 πλημμελοῦντα,
1603 500 1665 555 ὥς·

147 593 313 656 φασιν,
358 589 473 655 ὅπερ
517 589 611 639 οὐδ’
659 587 890 653 ὀνειδίζειν
933 588 1080 656 ἄξιον
1138 610 1246 640 τους
1288 587 1467 651 Ερμᾶς
1507 584 1662 651 περιέ-
1684 604 1717 635 ¹5

147 696 332 724 κοπτεν.
377 671 563 724 ἅπαντα
598 672 695 736 μὲν,
723 670 869 734 οἶμαι,
899 672 1213 735 τάσεβήματα
1250 674 1333 733 τῆς
1372 670 1512 732 αὐτῆς
1553 669 1660 735 '‘dp-

146 761 234 823 γῆς
261 758 435 808 δίκαιον
461 758 639 825 ἀξιοῦν·
681 756 736 806 τὸ
773 757 810 806 δ’
840 755 963 810 ὅλως
997 753 1279 825 οἰφανίζειν1
1296 753 1395 820 ἱερὰ
1433 752 1587 803 ἔσθ’
1563 776 1588 803 ο
1621 775 1667 803 τι

146 847 230 892 τοῦ
255 839 471 892 ιίκόπτειν
497 841 737 908 διαφέρει,
782 841 948 890 οὐκοῦν
980 841 1113 893 οὗτος
1151 837 1488 907 ἐξελήλεγκται
1526 842 1665 887 τοῦτο

59 932 308 979 ιὸὃποιῶν
351 929 611 988 ἀντιθῶμεν
647 924 730 989 1δὴ
765 925 834 979 τίς
869 923 934 975 ὧν
971 927 1046 975 καὶ
1083 926 1182 975 τίσι
1218 923 1346 973 ταῦτ’
1383 921 1661 972 ωένδεικνύ-

147 1033 296 1074 μενος.
337 1011 439 1073 “μὴ
474 1011 629 1060 τοίνυν
656 1011 812 1071 οὑμῖν,
839 1017 858 1043 1‘
874 1007 993 1075 πρὸς
1031 1013 1096 1077 τῷ
1135 1006 1198 1071 μὴ
1239 1005 1402 1063 καλὸν,
1431 1004 1547 1069 μηδὲ
1583 1009 1658 1056 θε-
1677 1033 1717 1055 20

145 1094 281 1158 μετὸν
321 1094 537 1160 νομίζετε,
576 1094 741 1158 ἄνδρες
779 1095 1013 1150 δικασταὶ,
1051 1092 1156 1156 μηδ’
1187 1090 1320 1141 ὅσιον
1359 1088 1472 1140 εἶναι
1507 1088 1659 1139 τοιού-

146 1200 241 1229 των
287 1180 469 1244 ἀνδρῶν
513 1178 649 1227 οὖσιν
691 1175 955 1241 ἀπογόνοις,
994 1174 1201 1240 πονηρὸν
1243 1175 1317 1224 καὶ
1353 1173 1509 1232 βίαιον
1553 1174 1666 1223 (Ῑκαὶ

146 1262 380 1330 ὑβριστὴν
406 1268 643 1323 λαβοῦσιν
670 1262 918 1328 ἄνθρωπον
945 1262 1019 1311 καὶ
1039 1259 1215 1323 μηδένα
1238 1256 1523 1322 μηδαμόθεν,
1544 1279 1665 1322 συγ-

57 1347 336 1414 189γνῶμης
371 1346 399 1412 ἢ
435 1347 795 1414 φιλανθρωπίας
833 1344 861 1409 ὴ
902 1342 1092 1411 χάριτός
1130 1365 1254 1396 τινος
1279 1341 1498 1410 ἀξιῶσαι.
1541 1340 1693 1394 rivom

146 1431 239 1498 γὰρ
266 1432 427 1490 ἕνεκας
468 1434 562 1480 τῶν
588 1433 932 1496 ’στρατηγιῶν
965 1429 1076 1477 ἀλλ’
1100 1425 1203 1476 οὐδὲ
1224 1429 1328 1476 καθ’
1345 1423 1487 1475 αὑτὸν
1507 1447 1659 1491 στρα-

144 1517 311 1580 τιώτης
343 1515 500 1568 8οὗτος
540 1512 723 1567 οὐδενός·
757 1514 852 1564 ἐστ’
883 1511 1028 1580 ἄξιος,
1054 1509 1118 1574 μή
1154 1510 1221 1560 1ῑτι
1258 1516 1342 1574 11γε
1379 1513 1473 1559 τῶν
1499 1507 1665 1558 ἄλλων

146 1600 346 1665 ἡγεμών.
391 1598 524 1649 ἀλλὰ
549 1602 643 1648 τῶν
669 1596 841 1662 λόγων·
882 1598 931 1646 ἐν
957 1594 1024 1648 οἷς
1060 1598 1189 1660 κοινῇ
1215 1592 1299 1655 μὲν
1325 1591 1458 1643 οὐδὲν
1482 1593 1662 1644 πώποτ’

145 1681 272 1734 εἶπεν
317 1680 510 1747 ἀγαθὸν,
556 1685 707 1732 κακῶς
749 1679 797 1730 δὲ
843 1680 935 1747 ἰδίᾳ
974 1678 1155 1731 πάντας
1199 1677 1473 1742 ἀνθρώπους
1516 1676 1658 1742 λέγει.

147 1767 308 1832 γένους
347 1766 478 1816 ἕνεκα
518 1764 572 1829 νὴ
600 1764 710 1814 Δία·
755 1765 830 1814 καὶ
855 1764 923 1816 τίς
963 1763 1044 1813 οὐκ
1083 1761 1204 1812 οἶδεν
1239 1763 1369 1824 ὑμῶν
1400 1760 1483 1813 τὰς·
1509 1762 1658 1826 ἀπορ-
1675 1773 1758 1828 563

56 1875 135 1916 190
147 1851 334 1917 ρήτους,
364 1847 527 1914 ὥσπερ
561 1850 610 1898 ἐν
636 1847 888 1916 τραγῳδία,
915 1854 935 1872 X
953 1845 1036 1899 τὰς
1071 1845 1236 1896 τούτου
1263 1843 1405 1908 γονάς
1428 1866 1439 1906 ;
1484 1842 1521 1913 ᾧ
1546 1852 1565 1879 y
1582 1843 1664 1895 δύο

147 1932 457 1984 ἐναντιώτατα
494 1931 797 1994 συμβέβηκεν
836 1928 961 1979 εἶναι·
1002 1929 1030 1992 ἡ
1077 1927 1161 1990 μὲν
1199 1935 1216 1954 ²
1234 1927 1328 1993 γὰρ
1371 1930 1433 1981 ὡς
1474 1929 1664 1991 ἀληθῶς

144 2015 318 2082 μήτηρ,
358 2016 386 2079 ἡ
422 2020 626 2065 τεκοῦσα
669 2012 825 2071 αὐτὸν,
867 2017 1098 2064 πλεῖστον
1139 2011 1361 2063 ἁπάντων
1401 2011 1664 2077 ἀνθρώπων

201 2152 217 2171 e
236 2161 276 2192 γε
294 2158 365 2180 om.
388 2145 427 2179 F.
556 2141 571 2168 f
585 2143 819 2189 Ἀγάθαρχον]
843 2143 1036 2189 ἀγαθαργον
1055 2145 1098 2178 A.
1225 2149 1246 2177 g
1264 2144 1306 2188 γε’
1323 2143 1372 2189 τι]
1396 2145 1427 2188 γ’
1449 2144 1499 2177 ἔτι
1519 2143 1551 2177 O
1568 2155 1595 2176 s.
1624 2142 1668 2188 γε’

145 2214 200 2233 τοι
216 2206 244 2233 t.
293 2242 301 2247 ,
370 2195 391 2223 h
411 2197 690 2244 ὀργῆς-οὐκοῦν
707 2209 775 2231 rec.
797 2198 833 2231 in
852 2197 1009 2243 margine
1031 2197 1070 2231 P.
1205 2194 1215 2221 ἱ
1237 2196 1326 2242 ἱερὰ]
1352 2197 1552 2242 Legebatur
1573 2197 1664 2241 ἱερὰν

147 2253 287 2296 ἐσθῆτα.
318 2250 419 2297 ἱεραν,
439 2258 474 2285 et
494 2251 621 2294 εσθῆτα
645 2250 682 2284 in
710 2252 867 2296 margine
890 2251 925 2284 S.
951 2251 1034 2295 ἱερὰ,
1055 2251 1185 2284 omisso
1200 2250 1340 2293 ἐσθῆτα,
1359 2251 1421 2293 τῆς
1437 2250 1581 2295 ἀρχαίας
1609 2250 1661 2283 ε’κ-

148 2306 277 2341 δόσεως
306 2305 513 2350 scripturam
541 2316 618 2338 esse
641 2305 822 2337 annotavit
848 2304 1032 2349 Ulpianus,
1059 2304 1157 2348 cujus
1182 2304 1258 2338 haec
1289 2309 1341 2337 est
1367 2303 1561 2343 annotatio,
1593 2304 1663 2348 ἱερὰ

145 2360 250 2403 μόνον
269 2359 287 2402 ἡ
308 2358 431 2404 ἀρχαία
455 2356 537 2402 ἕχει,
559 2357 758 2401 ἐκφαντικὸς
779 2357 981 2402 (ἐμφαντικὴ
1007 2363 1101 2391 recte
1120 2357 1285 2401 XVolfius)
1306 2356 1394 2391 οὖσα
1417 2359 1570 2397 πολλῶν,
1592 2354 1664 2390 οἷον

146 2413 342 2457 στεφάνων,
363 2411 520 2455 ἐσθῆτος,
541 2411 643 2454 αὐτῆς
670 2412 729 2453 τῆς
749 2410 784 2443 ἐν
805 2412 882 2458 ἱερῷ
900 2409 1128 2456 πανηγύρεως,
1151 2411 1204 2444 καὶ
1222 2410 1347 2452 ταύτην
1366 2409 1501 2455 ὕβρισε·
1533 2410 1604 2443 ἐπεὶ
1623 2411 1663 2443 τό

147 2480 187 2511 γε
205 2466 266 2508 τὴν
285 2465 414 2508 ἐσθῆτα
431 2464 632 2509 προσθεῖναι
651 2463 786 2507 πολλὴν
800 2465 871 2508 ἕχει
891 2464 950 2506 τὴν
970 2465 1172 2497 ἐλάττωσιν.
1328 2460 1349 2488 k
1370 2465 1506 2497 κόπτειν
1526 2463 1562 2496 S.
1593 2463 1661 2496 Le-

145 2519 296 2564 gebatur
315 2519 540 2563 περικόπτειν.
572 2517 657 2550 Post
675 2518 890 2561 περικόπτειν
909 2525 1027 2551 autem
1047 2517 1205 2551 additum
1224 2522 1299 2551 erat
1313 2517 1392 2551 τοὺς
1408 2516 1546 2562 “Ερμᾶς,
1569 2517 1663 2561 quod

146 2572 192 2605 ab
211 2572 335 2606 eodem
354 2570 552 2616 profectum
571 2582 646 2604 esse
669 2570 817 2604 arbitror
846 2571 1084 2615 grammatim,
1105 2571 1165 2616 qui
1194 2571 1415 2616 generalibus
1435 2570 1562 2615 quibus
1592 2570 1662 2603 De-

148 2625 351 2658 mosthenes
371 2636 456 2658 usus
476 2629 549 2657 erat
567 2623 746 2657 vocabulis
767 2624 837 2668 ἱερά
853 2630 887 2657 et
899 2625 1032 2657 κόπτειν
1045 2624 1208 2669 specialia
1227 2624 1408 2658 substituit
1429 2624 1520 2667 ἱερὰν
1536 2623 1664 2665 ἐσθῆτα

145 2684 184 2712 et
199 2679 425 2722 περικόπτειν.
456 2677 595 2710 Delevit
614 2677 798 2710 Dobraeus.
929 2674 940 2701 l
960 2677 1017 2722 δὴ]
1041 2678 1077 2711 δέ
1097 2678 1209 2711 A.k.r.
1351 2682 1373 2696 ¹²²
1395 2674 1659 2720 ἐνδεικνύμενος]

149 2731 277 2776 RIargo
299 2731 334 2765 S.
362 2730 479 2764 addit:
510 2729 637 2774 ἐπήρθη
663 2733 768 2763 ταῦτα
797 2731 916 2764 ποιεῖν.
1072 2736 1092 2754 ¹1
1118 2731 1162 2774 μὴ
1190 2729 1320 2776 τοίνυν]
1349 2728 1424 2773 μήτ’
1451 2728 1510 2763 οὖν
1537 2743 1593 2773 γρ.
1627 2729 1662 2762 S.

149 2789 169 2808 0
189 2784 266 2827 ὑμῖν
285 2795 356 2818 om.
378 2783 417 2816 F.
439 2789 520 2828 post
545 2784 648 2816 καλὸν
672 2789 811 2828 ponunt
830 2784 941 2817 A.k.1·.
973 2783 1066 2827 ὑμεῖς
1083 2798 1139 2829 γρ.
1160 2784 1196 2818 S.
1339 2789 1358 2816 P
1385 2784 1471 2827 πρὸς
1489 2781 1553 2828 τῷ]
1578 2782 1663 2826 πρὸς

148 2837 189 2870 τὸ
209 2838 244 2871 k.
365 2842 385 2869 Q.
405 2838 458 2870 καὶ
477 2848 545 2870 om.
568 2835 611 2869 Ο.
742 2843 756 2862 1'
776 2837 1006 2882 στρατηγιῶν]
1032 2840 1202 2883 στρατιῶν
1222 2836 1266 2871 O.
1391 2841 1405 2860 ⁵
1426 2834 1524 2869 οὗτος
1544 2847 1613 2868 om.
1634 2840 1662 2870 t.

149 2889 249 2925 οὗτός
266 2904 306 2935 γε
326 2890 440 2923 A.S.r.
564 2888 575 2909 t
595 2889 644 2935 τι]
668 2903 722 2922 τοι
741 2890 776 2923 k.
892 2895 913 2914 ¹1
932 2905 971 2936 γε
991 2902 1060 2925 om.
1083 2890 1165 2925 P.S.
1256 2896 1272 2911 x
1293 2890 1353 2924 τὰς
1373 2889 1465 2923 delet
1485 2888 1661 2922 Reiskius.

151 2949 169 2976 y
183 2942 244 2976 δύο
263 2943 374 2977 A.k.1·.
407 2941 456 2976 δύ’
478 2941 513 2976 S.
545 2942 745 2988 Legebatur
765 2941 825 2977 δύο
844 2943 896 2977 τά.
1007 2949 1026 2968 7-
1045 2944 1112 2989 γὰρ
1133 2956 1203 2978 om.
1216 2956 1277 2988 pr.
1298 2943 1340 2977 Y.

212 3018 304 3043 vOL-
324 3018 375 3044 11.
919 3020 945 3046 Q
