1954 3273
260 217 345 256 522
801 223 1230 262 ΔΗΜΟΣΘΕΝΟΎΣ
1388 222 1472 261 On.
1492 221 1605 261 XX.
1627 236 1668 277 p.
1687 234 1788 275 494,
1805 235 1904 262 26—

170 343 249 385 139
327 329 426 380 ὑΟν
451 331 605 381 τοίνυν
632 331 1007 399 κακουργότατον
1033 334 1206 385 οἴονται
1232 334 1380 400 λόγον
1403 334 1636 400 εὑρηκέναι
1659 334 1779 400 πρὸς

263 412 317 463 τὸ
361 413 444 467 τὰς
489 417 699 469 ἀτελείας
747 418 864 480 ὑμᾶς
909 418 1175 484 ἀφελέσθαι
1224 423 1397 479 πεῖσαι,
1443 416 1633 478 βέλτιόν
1676 420 1780 469 ἐστι

262 503 511 563 προειπεῖν,
545 500 620 549 ἵνα
657 499 721 563 μὴ
757 500 922 564 λάθητ’
952 501 1332 568 ἐξαπατηθέντες.
1383 504 1543 568 ἐροῦσι
1569 501 1681 567 ἰγάρ
1708 502 1779 553 ὅτι

978 583 1342 649 1(τάναλώματα,
1370 589 1417 636 αἱ
1452 587 1668 653 χορηγίαι
1703 588 1778 636 καὶ
1789 600 1872 645 495

262 586 395 632 ταῦθ’
425 585 557 650 ἱερῶν
591 585 721 633 ἐστὶν
757 582 945 634 ἅπαντα

264 668 311 715 αἱ
345 664 753 732 1γυμνασιαρχίαι·
797 666 946 718 δεινὸν
982 669 1077 731 οὖν,
1104 673 1142 719 εἰ
1175 673 1270 720 τῶν
1305 673 1437 735 ἱερῶν
1468 667 1676 733 ωάτελής
1709 692 1780 723 τις

173 767 252 807 140
265 747 567 816 ἀφεθήσεται.
631 748 722 814 ἐγὼ
761 749 809 800 δὲ
847 750 901 800 τὸ
944 751 1029 812 μέν
1067 774 1207 813 τινας,
1247 751 1313 806 οἷς
1352 753 1376 802 ὁ
1416 754 1558 815 δῆμος
1597 751 1778 814 ἔδωκεν,

264 835 444 886 ἀτελεῖς
469 831 583 883 εἶναι
615 832 792 883 τούτων
819 834 992 885 δίκαιον
1019 836 1233 900 ἡγοῦμαι,
1261 835 1286 886 ὃ
1313 834 1360 886 δὲ
1387 842 1469 886 νῦν
1495 835 1620 885 οὗτοι
1645 834 1776 899 ποιή-

264 939 450 977 σουσιν,
477 916 556 966 ε’ἀν
592 917 687 982 ἄρα
718 923 867 967 ταῦτα
900 918 1095 982 λέγωσι,
1122 923 1246 969 τοῦτ’
1274 917 1388 969 εἶναι
1415 917 1562 969 δεινὸν
1589 918 1773 984 νομίζω.
1790 944 1807 974 5

264 1005 302 1051 εἰ
326 999 420 1066 γὰρ
446 998 477 1051 ἃ
501 999 621 1051 κατὰ
646 1001 800 1065 μηδέν’
831 1001 985 1052 ἄλλον
1021 1002 1183 1069 ε”χουσι
1215 1001 1392 1068 τρόπον
1426 1001 1572 1070 δεῖξαι
1605 1001 1781 1052 δίκαιον

266 1086 383 1148 ὑμᾶς
423 1084 702 1153 ἀφελέσθαι,
738 1086 864 1135 ταῦτ’
901 1086 975 1135 ἐπὶ
1015 1089 1080 1154 τῷ
1117 1090 1210 1136 τῶν
1250 1090 1368 1136 θεῶν
1406 1085 1599 1148 ὀνόματι
1635 1090 1783 1135 ποιεῖν

266 1168 538 1234 ζητήσουσι,
577 1173 677 1222 πῶς
723 1170 806 1220 οὐκ
851 1170 1177 1230 ἀσεβέστατον
1222 1169 1359 1235 ἔργον
1405 1171 1480 1219 καὶ
1520 1168 1784 1219 δεινότατον

265 1252 539 1321 πράξουσις
596 1252 685 1319 χρὴ
730 1252 837 1319 γὰρ,
880 1255 942 1305 ὡς
985 1258 1136 1318 Πγοῦν
1181 1255 1314 1316 Οέμοὶ
1358 1255 1495 1315 δοκεῖ,
1539 1252 1669 1303 Ρὸσα
1714 1275 1783 1305 τις

265 1336 460 1402 πράττει
504 1335 611 1389 τοὺς
656 1335 786 1388 θεοὺς
832 1335 1134 1403 ἐπιφημίζων,
1175 1340 1365 1386 τοιαῦτα
1409 1336 1664 1402 φαίνεσθαι
1707 1333 1836 1385 οἶαιο

174 1443 248 1481 141
265 1422 370 1485 μηδ’
400 1420 458 1470 ἂν
492 1422 560 1471 ἐπ’
590 1420 840 1486 ἀνθρώπου
878 1419 1149 1486 πραχθέντα
1182 1418 1366 1485 πονηρὰ
1401 1420 1583 1486 φανείη.
1637 1417 1708 1468 ὅτι
1741 1419 1780 1468 δ’

266 1506 350 1556 οὐκ
385 1505 524 1555 Ἷὲστι
561 1504 732 1555 ταύτὸν
775 1508 906 1569 ἱερῶν
945 1504 1157 1554 ἀτέλειαν
1195 1504 1314 1570 ἔχειν
1352 1506 1427 1554 καὶ
1467 1507 1784 1569 λειτουργιῶν,

265 1591 401 1640 1’ἀλλ’
430 1589 580 1639 8οὗτοι
606 1587 659 1639 τὸ
687 1593 780 1639 τῶν
805 1590 1131 1654 ἴλειτουργιῶν
1164 1587 1313 1651 ὄνομα
1344 1590 1417 1638 ἐπὶ
1450 1586 1504 1638 τὸ
1531 1591 1625 1637 τῶν
1650 1590 1785 1653 ἱερῶν

266 1673 608 1741 μεταφέροντες
651 1672 890 1741 ἐξαπατᾶν
936 1671 1140 1736 ζητοῦσι,
1180 1673 1415 1735 Λεπτίνην
1452 1673 1597 1731 ιῑυμῖν
1642 1671 1782 1721 αὐτὸν
1799 1694 1832 1726 15

268 1755 360 1822 ἐγὼ
404 1755 783 1823 παρασχήσομαι
832 1754 1060 1823 μάρτυρα.
1128 1755 1327 1823 γράφων
1372 1755 1466 1822 γὰρ
1509 1754 1659 1822 ἀρχὴν
1702 1761 1786 1806 τοῦ

271 1841 414 1905 νόμου
449 1849 475 1871 “
493 1841 726 1904 Λεπτίνης
765 1838 895 1890 εἷπε”
926 1842 1089 1907 φησὶν,
1122 1840 1322 1893 ίζΧὅπως
1359 1838 1417 1890 ἂν
1456 1843 1497 1890 οἱ
1535 1840 1782 1891 πλουσιώ-

270 1933 298 1956 “
322 1949 453 1977 τατοι
495 1929 886 1990 Ῡλειτουργῶσιν,
926 1925 1105 1986 Ζάτελῆ
1150 1923 1326 1987 μηδένα
1370 1922 1482 1974 εῖναι
1525 1922 1654 1987 πλὴν
1691 1928 1786 1975 τῶν

178 2017 297 2066 142“
324 2011 403 2077 ἀφ’
433 2009 688 2074 “Αρμοδίου
715 2010 790 2058 καὶ
815 2007 1267 2073 Ἀριστογείτονος.”
1321 2008 1469 2058 καίτοι
1500 2012 1536 2058 εἰ
1568 2005 1626 2071 ἧν
1652 2011 1785 2072 ἱερῶν

271 2094 484 2144 ἀτέλειαν
522 2092 641 2159 ἔχειν
681 2090 821 2141 ταύτὸ
861 2093 936 2141 καὶ
974 2096 1290 2157 λειτουργιῶν,
1329 2092 1378 2141 τί
1411 2098 1549 2142 τοῦτο
1587 2090 1837 2154 8μαθὼνεο

270 2176 641 2243 προσέγραψεν;
683 2173 784 2224 οὐδὲ
811 2173 903 2239 γὰρ
923 2173 1102 2227 τούτοις
1129 2174 1313 2225 ἀτέλεια
1338 2179 1432 2226 τῶν
1456 2176 1498 2240 γ’
1524 2179 1656 2240 ἱερῶν
1682 2176 1785 2225 ἐστὶ

271 2260 504 2323 δεδομένη.
559 2260 634 2309 ἵνα
661 2260 697 2308 δ’
728 2260 872 2321 εἰδῆτε
907 2258 976 2308 ὅτι
1001 2263 1148 2308 ταῦτα
1174 2264 1339 2309 τοῦτον
1371 2258 1463 2325 ἔχει
1489 2258 1570 2308 τὸν
1595 2257 1785 2324 τρόπον,

271 2344 399 2404 λαβέ
436 2366 513 2406 μοι
557 2346 745 2408 πρῶτον
788 2340 872 2404 μὲν
913 2345 995 2405 τῆς
1037 2341 1220 2406 στήλης
1263 2341 1323 2392 τὰ
1363 2342 1645 2411 ἀντίγραφα,
1688 2340 1786 2392 εἶτα

271 2427 357 2491 τὴν
383 2425 534 2493 ἀρχὴν
560 2431 642 2475 τοῦ
670 2424 811 2487 νόμου
838 2430 920 2475 τοῦ
947 2427 1196 2476 Λεπτίνου.
1252 2426 1376 2491 λέγε.

326 2551 335 2578 5
356 2554 420 2599 γὰρ
441 2565 510 2586 om.
528 2552 683 2585 Y.O.t.v.
706 2557 739 2585 et
761 2564 812 2596 pr.
836 2552 870 2585 S.
958 2549 975 2575 k
998 2552 1219 2594 τάναλώματα
1241 2552 1356 2588 O.k.r.
1386 2554 1426 2587 τὰ
1446 2553 1648 2597 ἀναλώματα
1666 2554 1783 2600 vulgo.

272 2605 282 2632 l
302 2605 582 2653 γυμνασιαρχίαι]
605 2606 790 2650 γυμνασίαι
811 2606 847 2639 S.
889 2604 979 2638 Illud
1000 2605 1034 2638 in
1054 2620 1108 2651 γρ.
1131 2606 1235 2640 habet
1257 2607 1293 2640 S.
1457 2611 1481 2626 ¹¹*
1502 2606 1624 2651 ἀτελής
1643 2607 1710 2654 τις]
1735 2622 1786 2642 τις

271 2660 394 2703 ἀτελὴς
413 2659 535 2692 Y.O.r.
639 2664 658 2681 ¹¹
679 2658 778 2703 γοῦν]
804 2660 861 2691 νῦν
881 2664 907 2693 t.
930 2670 998 2692 om.
1022 2659 1059 2692 F.
1162 2665 1180 2683 0
1200 2660 1289 2705 ἐμοὶ]
1312 2661 1426 2704 ἔμοιγε
1447 2660 1554 2695 F.t.V.
1656 2666 1676 2693 P
1697 2660 1781 2706 ὅσα]

271 2712 370 2747 πάνθ’
390 2712 457 2746 ὅσα
477 2712 616 2745 F.s.t.v.
818 2719 836 2746 ‘1
856 2713 931 2745 ἔστι
952 2711 1091 2758 ταύτὸν]
1116 2712 1187 2746 ἐστ’
1208 2713 1289 2746 αὐτο
1310 2726 1362 2758 pr.
1387 2714 1421 2746 S.
1455 2715 1530 2747 ἔστι
1550 2714 1652 2747 ταυτὸ
1674 2714 1784 2749 O.t.v.

273 2773 288 2791 Γ
306 2765 385 2800 ἀλλ’
406 2765 498 2799 οὗτοι
518 2766 557 2798 τὸ
577 2767 644 2798 τῶν
663 2766 884 2809 λειτουργιῶν
904 2765 938 2799 in
959 2778 1068 2811 marg.
1090 2766 1196 2800 habet
1215 2767 1256 2800 A.
1335 2771 1349 2790 S
1370 2765 1480 2813 οὗτοι]
1506 2767 1557 2801 ὅτι
1576 2779 1608 2801 v.
1683 2767 1697 2792 t
1716 2769 1786 2801 λει-

637 2827 644 2844 ί

272 2851 454 2899 τουργιῶν]
478 2854 685 2896 λειτουργῶν
706 2854 740 2885 S.
772 2853 979 2897 λειτουργῶν
1000 2853 1089 2887 Υ.Ο.
1247 2859 1267 2878 ¹¹
1289 2854 1365 2898 ὑμῖν
1384 2854 1502 2900 αὐτὸν]
1526 2854 1628 2888 αὐτὸν
1649 2854 1724 2899 ὑμῖν
1746 2854 1785 2888 F.

487 2916 510 2932 ω

273 2947 292 2966 Χ
314 2939 418 2985 ὅπως]
442 2938 542 2973 ὁπόσ’
567 2939 601 2972 S.
636 2938 736 2972 ὁπόσ’
760 2940 804 2973 Ο.
827 2947 861 2973 ct
882 2946 1057 2973 correctus
1077 2941 1118 2974 Y.
1263 2948 1280 2974 Y
1300 2941 1562 2987 λειτουργῶσιν]
1585 2941 1783 2988 λειτουργή·

274 3008 365 3027 σωσι
384 2995 426 3026 Λ.
459 2991 753 3037 λῃτουργήσωσιν
773 3005 831 3027 1·.S.
866 2993 1140 3038 λειτουργὴσωσι
1161 2995 1213 3027 καὶ
1235 2995 1267 3028 k.
1433 3001 1450 3020 Ζ
1470 2995 1590 3042 ἀτελῆ]
1615 2995 1733 3039 εὐτελῆ
1754 3007 1782 3030 s.

273 3048 375 3089 ἀτελῆ
397 3047 431 3080 in
452 3058 560 3091 marg.
583 3046 687 3080 habet
707 3047 748 3081 A.
861 3051 878 3070 θ
898 3046 1029 3092 μαθὼν]
1054 3047 1168 3082 παθὼν
1189 3048 1392 3082 Lambinus.
