1954 3273
49 202 205 244 ——540‚
225 209 233 233 ι
247 209 275 233 1.
718 199 859 235 ΚΑΤΑ
893 197 1142 234 ΜΕΙΔΙΟΎ.
1608 193 1692 235 567

172 307 371 356 ἀκοῦσαι
410 306 496 369 τὴν
530 307 717 374 ἔχθραν,
743 308 842 371 ἥτις
879 306 936 371 ἧν
971 308 1081 370 ἡμῖν
1105 305 1224 372 πρὸς
1260 305 1519 370 ἀλλήλους·
1564 307 1690 367 νομί-

171 390 261 455 §ew
286 389 379 456 γὰρ
415 391 579 441 οὐδένα
609 389 692 441 ὃᾶν
718 391 980 456 ἀνθρώπων
1007 392 1151 443 οὕτως
1179 392 1399 454 ἀσελγῶς
1427 391 1502 439 καὶ
1528 390 1691 449 βιαίως

170 474 319 524 οὐδενὶ
346 479 439 525 τῶν
464 479 675 525 πολιτῶν
702 473 1021 541 ἱχρήσασθαι,
1048 473 1113 536 μὴ
1149 472 1362 538 μεγάλου
1396 471 1519 525 τινὸς
1558 472 1691 525 ὄντος

170 554 195 605 ὃ
221 557 347 624 αὐτῷ
385 558 726 625 προωφείλετο.
771 557 1007 619 βούλομαι
1042 555 1098 619 δὴ
1131 559 1206 606 καὶ
1243 558 1349 622 περὶ
1376 556 1548 619 ταύτης
1583 557 1690 618 ὑμῖν

170 639 227 707 ἐξ
254 642 403 706 ἀρχῆς
440 644 583 690 εἰπεῖν
622 642 709 697 καὶι
732 639 1068 705 διηγήσασθαι,
1103 640 1156 690 ἵν’
1187 640 1326 702 εἰδῆθ’
1356 639 1427 689 ὅτι
1466 641 1541 688 καὶ
1576 641 1682 688 τού·
1703 662 1744 684 20

168 745 263 773 των
301 724 545 791 ἕόφείλων
585 722 755 787 11δίκην
801 723 1080 791 φανήσεται.
1123 723 1257 773 ε”σται
1298 722 1347 773 δὲ
1387 724 1492 788 περὶ
1538 723 1690 772 αὐτῶν

77 820 156 848 100
169 804 366 873 ἰβραχὺς
402 808 426 857 ὁ
465 807 623 872 λόγος,
661 806 748 857 κᾶν
779 807 957 858 ἄνωθεν
991 807 1225 874 ἄρχεσθαι
1260 809 1396 858 δοκῶ.
1436 807 1571 870 ἡνίκα
1606 806 1691 860 τὰς

168 890 298 943 δίκας
349 890 522 957 ε”λαχον
566 895 661 941 τῶν
700 891 932 960 πατρῴων
976 897 1070 945 τοῖς
1116 892 1396 956 ἐπιτρόποις,
1437 890 1686 956 μειρακύλ-

166 980 272 1024 λιον
309 973 401 1025 ¹³ch
440 979 608 1044 κομιδῇ
651 978 726 1027 καὶ
766 982 933 1026 τοῦτον
967 978 1058 1027 οὐδ’
1102 980 1138 1026 εἰ
1179 976 1372 1041 γέγονεν
1415 974 1545 1029 εἰδὼς
1584 975 1688 1026 οὐδὲ

166 1058 463 1123 γιγνώσκων,
504 1062 566 1113 ὡς
604 1058 721 1123 μηδὲ
756 1065 839 1110 νῦν
872 1059 1105 1127 Ῑῶφελον,
1142 1059 1245 1110 τότε
1285 1082 1365 1122 μοι
1399 1063 1687 1122 μελλουσῶν
1700 1080 1737 1110 25

164 1142 354 1192 εἰσιέναι
411 1147 505 1193 τῶν
556 1146 696 1194 δικῶν
747 1148 810 1197 εἷς
861 1144 1037 1209 ἡμεραν
1087 1145 1331 1209 ῐΪιὡσπερεὶ
1382 1142 1609 1208 τετάρτην
1658 1141 1686 1206 ἢ

164 1224 385 1288 πέμπτην
423 1226 773 1289 Πεὶσεπήδησαν
805 1224 1042 1292 Οὰδελφὸς
1081 1226 1105 1275 ὁ
1143 1225 1310 1276 τούτου
1346 1227 1421 1275 καὶ
1451 1225 1584 1277 οὗτος
1625 1229 1687 1277 εἷς

163 1305 252 1370 τὴν
296 1309 444 1358 οἰκίαν
494 1308 831 1362 Ράντιδιδόντες
876 1310 1196 1374 τριηραρχίαν.
1251 1309 1457 1370 τοῦνομα
1502 1307 1586 1369 μὲν
1629 1306 1685 1370 δὴ

165 1391 406 1458 παρέσχεν
466 1394 647 1454 ἐκεῖνος,
699 1394 774 1442 καὶ
836 1390 893 1455 ἦν
958 1393 982 1442 ὁ
1036 1390 1292 1444 ἀντιδιδοὺς
1346 1390 1681 1457 Θρασύλοχος·

165 1473 225 1524 τὰ
264 1476 300 1525 δ’
342 1475 493 1541 (Ῑέργα
530 1475 664 1526 πάντ’
698 1474 787 1539 Γῆν
821 1477 896 1525 καὶ
938 1475 996 1525 τὰ
1033 1474 1334 1541 πραττόμενα
1373 1473 1463 1524 ὑπὸ
1497 1474 1780 1532 τούτου.540

73 1580 145 1607 101
168 1560 241 1608 καὶ
279 1563 470 1624 πρῶτον
507 1557 592 1622 μὲν
633 1559 928 1626 κατέσχισαν
960 1557 1044 1611 τὰς
1085 1559 1229 1625 θύρας
1269 1563 1364 1608 τῶν
1406 1556 1683 1621 οἰκημάτων,

167 1643 230 1695 ὡς
267 1642 420 1692 αὐτῶν
457 1643 546 1706 ἤδη
580 1643 858 1708 γιγνομένας
897 1642 1017 1693 κατὰ
1049 1642 1135 1706 τὴν
1170 1643 1428 1693 ἀντίδοσιν·
1471 1639 1569 1692 εἶτα
1603 1645 1684 1705 τῆς

166 1727 378 1794 ἀδελφῆς
417 1726 479 1776 ἔτ’
520 1727 652 1777 ε”νδον
697 1728 844 1790 οὔσης
887 1726 993 1777 τότε
1035 1728 1109 1776 καὶ
1149 1724 1314 1778 παιδὸς
1356 1726 1502 1789 οὔσης
1545 1726 1712 1790 κόρης5

164 1809 372 1859 ἐναντίον
407 1809 700 1876 ἐφθέγγοντο
733 1808 912 1876 αἰσχρὰ
948 1812 1022 1859 καὶ
1058 1815 1263 1870 τοιαῦτα,
1290 1807 1346 1858 οἷ’
1377 1806 1466 1858 ὃᾶν
1502 1808 1684 1875 ἄνθρω-

162 1914 243 1942 ποι
282 1898 480 1942 τοιοῦτοι
506 1893 520 1918 t
538 1893 826 1961 φθέγξαιντο
856 1894 930 1956 (οὐ
961 1892 1055 1958 γὰρ
1094 1892 1241 1958 ε”γωγε
1279 1893 1566 1957 προαχθείην
1597 1891 1684 1942 Πάν

163 1979 304 2026 εἰπεῖν
329 1975 446 2041 πρὸς
474 1978 590 2039 ὑμᾶς
614 1982 709 2027 τῶν
729 1978 832 2027 τότε
858 1977 1095 2043 ῥηθέντων
1115 1976 1282 2044 οὐδὲν),
1305 1978 1380 2026 καὶ
1401 1975 1486 2038 τὴν
1505 1976 1682 2040 μητέρα

163 2056 309 2119 Χκάμὲ
347 2060 422 2107 καὶ
460 2058 642 2111 πάντας
677 2060 796 2122 ἡμᾶς
835 2058 955 2125 ῥητὰ
992 2062 1067 2109 καὶ
1107 2059 1288 2124 ἄρρητα
1322 2057 1442 2108 κακὰ
1482 2058 1679 2125 ἐξεῖπον·

72 2139 189 2194 10εό
227 2142 266 2191 δ’
305 2142 385 2191 οὖν
426 2143 690 2193 δεινότατον
726 2145 800 2193 καὶ
840 2144 892 2193 οὐ
930 2142 1089 2207 λόγος,
1129 2143 1238 2192 ἀλλ’
1274 2142 1411 2207 ἔργον
1451 2141 1554 2205 ἤδη·
1596 2140 1732 2194 τάςιο

163 2225 292 2277 δίκας
318 2227 380 2278 ὡς
401 2227 554 2276 αὐτῶν
575 2227 723 2280 οὔσας
749 2227 981 2295 Υήφιέσαν
1007 2231 1102 2278 τοῖς
1129 2226 1411 2290 ἐπιτρόποις.
1456 2226 1529 2275 καὶ
1550 2225 1677 2275 ταῦτ’

217 2413 234 2433 e
253 2406 293 2442 ἂν
313 2421 382 2444 om.
404 2410 554 2444 A.S.k.r.
711 2407 726 2435 f
742 2409 958 2457 χρήσασθαι]
983 2408 1023 2444 ἂν
1043 2410 1241 2456 χρήσασθαι
1263 2410 1302 2444 F.
1339 2409 1379 2444 ἂν
1399 2411 1547 2456 χρῆσθαι
1567 2411 1678 2444 A.k.r.

162 2467 183 2495 g
202 2459 370 2508 ὀφείλων]
393 2463 454 2506 τὴν
472 2463 639 2508 μεγίστην
659 2462 812 2509 ὀφείλων
831 2464 944 2498 A.k.r.
1108 2462 1122 2482 ¹¹
1144 2464 1237 2506 δίκην
1259 2464 1296 2499 S.
1346 2464 1546 2509 Legebatur
1567 2464 1681 2497 δοῦναι

161 2515 266 2559 δίκην.
392 2523 398 2537 “
418 2517 496 2561 περὶ
515 2517 624 2550 αὐτῶν
643 2516 792 2562 Βραχὺς]
816 2517 949 2562 βραχὺς
967 2516 1044 2561 περὶ
1063 2516 1174 2550 αὐτῶν
1193 2517 1306 2551 A.k.l·.
1416 2514 1437 2541 k
1461 2515 1522 2563 ὢν]
1549 2515 1586 2550 ὃν
1606 2528 1680 2550 cor·

1603 2567 1628 2596 εὶ

160 2616 276 2644 rectus
297 2609 341 2644 Ο.
451 2608 463 2635 Ῑ
483 2610 638 2657 ὤφελον]
663 2611 794 2657 ὄφελον
814 2611 1125 2646 A.P.Y.O.k.r.s.t.
1245 2617 1274 2636 ¹¹¹
1296 2611 1461 2658 ὡσπερεὶ]
1488 2611 1531 2647 ὣς
1549 2612 1626 2656 περὶ
1646 2623 1679 2645 v.

161 2664 204 2698 ὡς
223 2664 301 2707 περὶ
321 2668 376 2696 sxa.
400 2668 435 2697 et
456 2669 632 2698 correctus
652 2666 687 2698 k.
773 2671 793 2689 n
814 2664 1062 2710 εἰσεπήδησαν]
1088 2664 1316 2708 εἰσεπήδησεν
1334 2665 1446 2699 A.k.r.
1541 2669 1559 2689 0
1579 2663 1679 2697 ἁδελ-

160 2717 229 2760 φὸς
251 2717 446 2750 Bekkerus.
477 2716 630 2761 ἀδελφὸς
648 2719 766 2763 vulgo.
797 2719 814 2750 ὁ
835 2717 988 2764 ἀδελφὸς
1008 2718 1051 2752 Β.
1152 2724 1166 2744 Ρ
1187 2718 1430 2763 ἀντιδιδόντες]
1455 2717 1683 2751 ἀντιδιδόντος

160 2769 236 2803 Ax.
347 2774 366 2801 q
387 2769 468 2814 ἔργα
487 2768 601 2813 πάντ’]
625 2770 816 2816 εργ’ἁπαντ’
839 2770 874 2804 S.
970 2776 986 2794 Γ
1005 2769 1044 2813 ἧν
1063 2776 1144 2816 post
1164 2770 1381 2816 πραττόμενα
1401 2771 1513 2804 A.k.r.
1608 2776 1622 2794 S
1642 2766 1683 2801 ἂν

160 2834 230 2856 om.
254 2821 325 2855 A.S
342 2822 409 2855 k.r.
495 2820 510 2846 ἵ
530 2821 756 2868 φθέγξαιντο]
781 2823 989 2868 φθέγξοιντο
1010 2835 1036 2857 s.
1119 2829 1140 2848 ¹¹
1160 2821 1200 2863 ἂν
1219 2824 1324 2856 εἰπεῖν
1343 2824 1430 2868 πρὸς
1450 2822 1551 2867 ὑμᾶς]
1578 2822 1684 2867 εἰπεῖν

159 2873 201 2909 ἂν
220 2876 306 2920 πρὸς
326 2874 409 2917 ὑμᾶς
429 2874 533 2907 εἰπεῖν
552 2887 581 2909 r.
677 2881 696 2900 Χ
717 2876 797 2920 κάμὲ
819 2875 978 2910 P.S.O.s.
1009 2877 1061 2909 καὶ
1081 2876 1138 2920 ἐμὲ
1157 2877 1275 2921 vulgo.
1375 2881 1394 2908 Y
1413 2873 1578 2919 ἠφίεσαν]
1603 2873 1683 2918 ἀφί-

161 2941 244 2961 εσαν
264 2927 418 2961 A.S.k.r.
468 2927 571 2962 Conf.
593 2940 663 2962 var.
684 2929 764 2962 lect.
785 2929 829 2962 ad
855 2941 889 2974 p.
912 2928 1003 2972 683,
1028 2939 1089 2964 20.
1116 2928 1203 2974 781,
1230 2939 1289 2972 24.
1310 2938 1400 2975 949,
1429 2935 1486 2973 17.
1508 2936 1598 2973 951,
1624 2937 1684 2973 29.

160 2980 307 3025 ἀφιέμην
327 2980 405 3014 libri
425 2991 547 3014 omnes
567 2994 601 3027 p.

220 3055 317 3080 VOL.
343 3054 392 3080 11.
911 3056 937 3081 N
