1954 3273
285 235 368 277 740
827 239 1255 277 ΔΗΜΟΣΘΕΝΟΎΣ
1372 237 1448 277 OR.
1471 235 1649 277 XXIV.
1672 249 1712 291 p.
1729 243 1827 287 709,
1843 246 1920 272 2—-

279 369 674 413 προστησαμενος
712 348 1025 414 ἰκατεπεῖγον,
1069 347 1250 398 ἀνελὼν
1285 371 1368 399 τον
1409 350 1459 399 ἐκ
1503 352 1597 399 τῶν
1641 345 1797 410 νόμων

278 427 463 495 χρόνον,
497 429 634 484 αὐτος
673 431 881 498 εγραψεν
920 431 1079 496 αὔριον
1118 433 1393 492 νομοθετεῖν,
1421 430 1473 480 οὐ
1511 428 1580 493 μὰ
1606 429 1681 479 Δί’
1708 429 1795 496 οὐχ

276 512 331 562 ἵν’
372 514 434 566 ὡς
473 513 714 564 κάλλιστα
748 511 928 578 γένοιτό
966 511 985 539 ¹⁸

1002 534 1047 562 τι
1078 516 1174 563 τῶν
1213 517 1319 579 περὶ
1351 512 1437 577 τὴν
1475 511 1638 578 ἑορτήν
1667 509 1792 575 (οὐδε

275 593 368 661 γὰρ
412 593 470 659 ἠν
510 596 770 647 ὑπόλοιπον
811 596 906 646 οὐδ’
947 595 1209 659 ἀδιοίκητον
1244 596 1412 663 οὐδέν),
1457 596 1567 646 ἀλλ’
1606 595 1681 646 ἵνα
1723 594 1817 658 μὴ5

273 679 651 743 προαισθομένου
675 677 872 742 μηδενὸς
898 678 1160 744 ἀνθρώπων
1184 681 1293 743 μηδ’
1318 677 1612 732 ἀντειπόντος
1638 679 1788 741 τεθείη

272 763 347 811 καὶ
373 763 554 827 γένοιτο
592 762 747 828 κύριος
784 763 937 815 αὐτοῖς·
973 761 1049 812 ὅδε
1085 763 1109 811 ὁ
1145 767 1226 812 νῦν
1252 761 1587 828 ἀγωνιζόμενος
1626 760 1782 824 νόμος.

199 867 254 909 33
271 844 515 912 τεκμήριον
541 846 604 896 δέ·
643 845 974 912 1καθιζομένων
999 844 1093 911 γὰρ
1124 849 1218 896 τῶν
1245 849 1510 909 νομοθετῶν
1534 846 1640 910 περὶ
1665 843 1787 907 Ιᾙμὲν

269 929 490 992 “τούτων,
517 933 599 994 τῆς
627 928 898 993 διοικήσεως
934 931 1009 979 καὶ
1043 933 1136 980 τῶν
1166 929 1523 992 Παναθηναίων,
1551 930 1654 979 οὔτε
1680 928 1778 995 χεί-
1799 951 1838 973 10

265 1035 381 1078 ρονα
420 1015 524 1064 οὔτε
568 1013 778 1074 0βελτίω
820 1011 964 1077 νόμον
1009 1013 1149 1064 οὐδέν’
1191 1011 1460 1078 εἰσήνεγκεν
1494 1013 1652 1074 οὐδεὶς,
1678 1014 1785 1078 περὶ

266 1095 315 1147 δὲ
350 1094 416 1147 ὧν
442 1098 546 1148 οὔτε
579 1096 633 1148 τὸ
661 1096 898 1166 ψήφισμα
933 1097 1139 1147 ἐκέλευεν
1173 1098 1248 1148 Ροῖ
1277 1120 1326 1148 τε
1363 1096 1495 1160 νόμοι
1531 1096 1783 1158 κωλύουσι,

265 1180 563 1248 Τιμοκράτης
602 1183 766 1232 οὑτοσὶ
799 1180 918 1232 κατὰ
943 1180 1136 1245 πολλὴν
1172 1182 1374 1248 ἡσυχίαν
1399 1181 1669 1245 ἐνομοθέτει,
1696 1204 1777 1232 κυ-

263 1265 485 1332 ριώτερον
510 1265 621 1329 (Ῑμὲν
657 1266 856 1329 νομίσας
891 1265 974 1316 τὸν
1008 1267 1057 1316 ἐκ
1092 1271 1174 1316 τοῦ
1208 1267 1528 1334 ψηφίσματος
1563 1264 1592 1329 ὴ
1624 1265 1706 1316 τὸν
1733 1266 1782 1315 ἐν

191 1366 250 1408 34
263 1353 358 1401 τοῖς
397 1347 554 1412 νόμοις·
593 1350 831 1415 εἰρημένον
857 1348 1042 1417 χρόνον,
1070 1351 1166 1400 οὐδ’
1195 1350 1350 1401 ὁτιοῦν
1378 1348 1451 1399 1’δὲ
1478 1351 1705 1418 φοβηθεὶς
1743 1354 1780 1400 εἰ
1798 1371 1831 1402 ¹5

262 1431 484 1483 ἁπάντων
524 1435 675 1495 Ξὺμῶν
713 1433 925 1499 ἀγόντων
968 1434 1245 1499 ἱερομηνίαν,
1279 1437 1354 1484 καὶ
1394 1432 1538 1497 νόμου
1573 1433 1780 1495 κειμένου

259 1513 368 1578 μήτ’
398 1515 490 1583 ἰδίᾳ
515 1515 631 1579 μήτε
665 1520 795 1584 κοινῇ
821 1515 966 1580 μηδὲν
992 1516 1237 1580 ἀλλήλους·
1263 1518 1434 1566 ἀδικεῖν
1461 1518 1509 1566 ἐν
1534 1514 1683 1584 τούτῳ
1713 1520 1780 1584 τῷ

258 1597 428 1667 χρόνῳ,
467 1598 585 1663 μηδὲ
624 1600 919 1666 χρηματίζειν
958 1599 983 1650 ὅ
1017 1622 1062 1650 τι
1093 1597 1150 1650 ἂν
1184 1599 1248 1663 μὴ
1284 1602 1390 1666 περὶ
1427 1602 1509 1663 τῆς
1545 1602 1704 1664 ἑορτῆς
1733 1597 1778 1666 ᾗ,

259 1680 398 1734 αὐτὸς
436 1682 523 1749 οὐχ
557 1683 637 1733 ἕνα
671 1683 753 1733 τὸν
786 1681 1002 1749 τυχόντα,
1030 1684 1140 1732 ἀλλ’
1170 1682 1288 1746 ὅλην
1314 1685 1485 1733 ἀδικῶν
1512 1682 1775 1750 φανήσεται
1790 1708 1830 1730 20

190 1780 245 1825 35
260 1762 346 1827 τὴν
370 1764 527 1817 πόλιν.
567 1767 715 1816 καίτοι
752 1770 853 1819 πῶς
892 1767 946 1816 οὐ
976 1764 1125 1816 δεινὸν
1160 1764 1314 1816 εἰδότα
1338 1765 1423 1829 μὲν
1448 1765 1555 1818 τοὺς
1595 1764 1777 1828 νόμους,

258 1845 324 1898 ὧν
344 1848 494 1918 ὀλίγῳ
520 1847 747 1915 πρότερον
769 1847 961 1903 ἵπάντες
982 1847 1228 1913 ἠκούσατε,
1250 1849 1431 1914 κυρίους
1451 1847 1602 1911 ὄντας,
1624 1849 1777 1899 εἰδότα

258 1931 301 1981 δ’
330 1932 413 1982 οὐκ
450 1933 579 1983 ἐῶνθ’
610 1933 766 1998 ἕτερον
793 1930 936 1993 νόμον
960 1932 1201 2001 ψήφισμα
1237 1931 1382 1995 οὐδὲν,
1407 1933 1529 1983 “οὐδ’
1559 1930 1616 1983 ἂν
1641 1932 1773 1983 ε”ννο-

255 2038 346 2078 μον
384 2013 426 2083 ᾗ,
463 2015 607 2080 νόμου
643 2016 921 2082 κυριώτερον
959 2015 1086 2078 εἶναι,
1120 2015 1308 2084 γράψαι
1341 2039 1417 2066 και
1450 2019 1594 2066 θεῖναι
1630 2014 1774 2079 νόμον

257 2100 364 2162 ὑμῖν
389 2098 539 2150 Χκατὰ
564 2098 863 2168 ψήφισμα,
845 2123 870 2150 ο
895 2101 971 2150 καὶ
997 2098 1110 2149 αὐτὸ
1136 2098 1265 2165 παρὰ
1291 2122 1398 2152 τους
1436 2097 1604 2162 νόμους
1643 2103 1765 2197 εἰρη-
1783 2123 1820 2153 ²5

188 2198 244 2251 36
257 2182 397 2245 μένον
443 2181 570 2249 ᾕδεις
615 2181 644 2246 ὴ
684 2188 785 2237 πῶς
825 2184 878 2233 οὐ
921 2183 1148 2249 σχέτλιον
1188 2181 1273 2246 τὴν
1316 2205 1401 2245 μεν
1443 2182 1587 2233 πόλιν
1628 2181 1772 2246 αὐτὴν

256 2265 485 2333 ἑκαστῳΥ
501 2266 632 2329 ἡμῶν
658 2266 901 2316 δεδωκεναι
928 2265 1086 2315 ἄδειαν
1118 2270 1201 2315 τοῦ
1236 2264 1326 2328 Ζμή
1360 2288 1404 2315 τι
1442 2269 1609 2315 παθεῖν
1635 2265 1770 2329 ἀηδες

254 2347 283 2411 ἦ
311 2347 458 2398 δεινὸν
484 2350 532 2398 ἐν
556 2348 706 2417 τούτῳ
732 2353 798 2417 τῷ
836 2347 990 2416 χρόνῳ
1016 2347 1293 2411 ποιήσασαν
1319 2350 1596 2413 ἱερομηνίαν,
1624 2347 1769 2412 αὐτὴν

254 2430 302 2481 δὲ
326 2430 392 2495 μὴ
418 2431 715 2498 τετυχηκέναι
747 2431 918 2496 ταύτης
952 2433 1033 2494 τῆς
1058 2432 1327 2499 ἀσφαλείας·
1362 2431 1492 2497 παρὰ
1518 2431 1760 2497 Τιμοκρά-
1780 2449 1862 2492 710

756 2605 782 2623 a

306 2622 316 2650 ¹
350 2625 564 2672 κατεπεῖγον]
594 2639 791 2671 κατεπειγον
815 2627 852 2660 F.
896 2627 1103 2673 κατεπείγειν
1129 2629 1203 2662 AY
1208 2628 1263 2663 ..Ο
1268 2641 1294 2662 s.
1447 2625 1466 2653 k
1492 2642 1523 2662 τι
1553 2640 1622 2663 om.
1650 2629 1764 2663 A.k.s.

250 2675 260 2703 Ῑ
294 2677 532 2724 καθιζομενων]
575 2679 801 2722 καθεζομενων
830 2681 872 2713 A.
878 2680 906 2712 Y
912 2681 990 2714 k..r
996 2693 1023 2715 s.
1182 2688 1212 2706 ¹¹¹
1245 2681 1323 2727 μὲν]
1360 2682 1421 2725 μὲν
1454 2682 1493 2725 δὴ
1524 2682 1763 2717 A.Y.O.k.r.s.

252 2737 270 2756 ¹¹
290 2730 421 2766 τούτων
443 2731 477 2765 S.
526 2731 725 2811 Legehtjltur
744 2735 810 2765 τῶν
829 2747 1070 2778 γεγραμμενων
1090 2733 1230 2770 τούτων.
1399 2739 1417 2760 0
1436 2734 1580 2780 βελτίω]
1603 2734 1764 2776 βελτίονα

639 2794 654 2812 ο
669 2793 703 2811 τε

247 2828 360 2861 A.k.S.
472 2833 492 2860 P
512 2825 547 2860 οἵ
563 2825 617 2872 τε]
641 2829 719 2861 οὕτε
738 2839 767 2861 r.
799 2828 876 2860 οὔτε
897 2840 923 2862 s.
1047 2836 1066 2863 q
1087 2830 1148 2873 μὲν
1167 2842 1237 2867 om.
1258 2830 1370 2864 A.k.s.
1489 2836 1504 2855 r
1523 2830 1558 2864 δέ
1578 2842 1648 2865 om.
1670 2830 1761 2865 Y.O.

249 2920 263 2938 S
283 2913 392 2959 ὑμῶν]
418 2913 509 2957 ἡμῶν
528 2926 556 2948 r.
714 2914 727 2938 ἲ·
749 2914 887 2959 πάντες]
912 2914 1027 2950 δόντες
1046 2916 1167 2951 πάντες
1186 2917 1222 2950 k.
1378 2919 1395 2936 ¹¹
1424 2915 1495 2950 οὐδ’
1513 2914 1570 2962 ἂν]
1595 2881 1662 2951 0ὐῖ
1673 2912 1713 2949 ἂν
1732 2928 1760 2950 r.

248 2971 267 2990 Χ
289 2966 387 3012 κατὰ]
411 2966 493 3000 κατὰ
512 2967 551 3000 τὸ
573 2967 646 3000 1⁴¹.v.
781 2971 798 2998 y
818 2966 926 3012 ἡμῶν]
952 2968 1043 3012 ὑμῶν
1062 2981 1094 3003 v-
1231 2974 1247 2993 ²
1266 2968 1311 3013 μή
1332 2981 1401 3004 om.
1422 2969 1576 3004 A.Y.r.s.
1594 2975 1629 3004 et
1648 2980 1700 3015 pr.
1722 2969 1758 3003 S.

248 3018 330 3053 O.k.
379 3021 408 3052 A
428 3031 476 3054 m.
497 3019 736 3054 recentissima
754 3019 859 3053 habet
881 3020 918 3055 S.
1656 3050 1762 3071 ,ΗΑ

1948 1474 1954 1503 ¹7,

1948 1511 1954 1546 )·

1946 1547 1954 1572 μ

1945 1686 1947 1707 1
