1954 3273
261 178 344 219 734
805 182 1232 221 ΔΙ-ΙΜΟΣΘΕΝΟΎΣ
1351 179 1432 219 On.
1451 177 1629 218 XXIV.
1652 192 1691 233 p.
1712 186 1807 230 703,
1827 190 1902 215 1—

259 291 315 342 δι’
335 291 389 342 οὗ
408 295 502 342 τῶν
522 295 655 358 ἱερῶν
674 291 758 355 μὲν
777 292 1032 359 χρημάτων
1048 291 1155 345 τοὺς
1175 291 1318 353 θεοὺς,
1339 295 1433 342 τῶν
1454 291 1599 341 ὁσίων
1619 291 1668 342 δὲ
1685 290 1771 355 τὴν
1785 306 1865 350 703

257 373 401 426 πόλιν
427 377 690 442 ἀποστερεῖ,
718 376 867 442 ἄκυρα
902 375 950 426 δὲ
985 375 1044 425 τὰ
1075 374 1334 440 γνωσθένθ’
1364 374 1454 426 ὑπὸ
1480 377 1562 438 τῆς
1591 377 1771 438 βουλῆς

259 462 335 509 καὶ
360 465 443 510 τοῦ
469 459 618 524 δήμου
645 461 718 510 καὶ
756 465 839 509 τοῦ
871 459 1172 524 δικαστηρίου
1210 459 1506 522 καθίστησιν,
1533 459 1689 508 ἄδειαν
1722 457 1770 508 δὲ

454 542 467 560 Χ

197 542 318 603 13τᾶ
343 566 474 594 κοινα
503 541 784 609 1διαρπάζειν
817 546 883 611 τῷ
915 542 1191 612 βουλομένῳ
1228 543 1494 606 πεποίηκεν.
1537 541 1650 609 ὑπὲρ
1683 541 1769 606 ιςδὴ

877 624 1169 692 1εὑρίσκομεν
1194 625 1368 690 ταύτην
1392 626 1582 676 mogo-av
1606 624 1766 690 μόνην,
1781 643 1798 674 5

257 626 437 678 τούτων
462 625 684 677 ἁπάντων
708 625 853 676 λύσιν

257 714 296 761 εὶ
319 708 620 778 γραψάμενοι
652 708 735 759 τὸν
761 707 904 772 νόμον
929 711 1005 759 καὶ
1031 707 1364 775 εἰσαγαγόντες
1389 712 1451 761 εἰς
1478 710 1595 772 ὑμᾶς
1621 714 1769 759 λῦσαι

258 794 551 856 ι’δυναίμεθά
593 792 650 860 ἐξ
671 794 818 859 ἀρχῆς
844 793 925 843 οὖν
950 794 999 843 ἐν
1022 793 1227 859 βραχέσι
1253 792 1313 843 τὰ
1336 792 1607 859 πραχθέντα
1633 792 1770 855 δίειμι

256 877 375 944 πρὸς
401 879 532 942 ὑμᾶς,
557 878 633 929 ἵνα
653 882 843 941 μᾶλλον
867 876 1046 941 μάθητε
1081 879 1156 927 καὶ
1180 874 1634 943 παρακολουθήσητε
1673 880 1769 930 τοῖς

256 962 363 1027 περὶ
388 961 470 1012 τὸν
497 960 640 1025 νόμον
664 959 833 1012 οαύτὸν
859 959 1156 1024 ἀδικήμασιν.
1786 981 1824 1004 ¹0

196 1064 247 1104 14
330 1045 576 1112 Ψήφισμα
608 1042 734 1096 εἶπεν
766 1046 814 1095 ἐν
847 1045 953 1108 ὑμῖν
979 1048 1286 1113 Ἀριστοφῶν
1312 1043 1505 1094 ἑλεσθαι
1531 1042 1768 1110 Ρζητητας,

257 1132 293 1179 εἰ
320 1128 377 1179 δέ
394 1151 464 1182 τις
489 1126 616 1179 Ἷοῖδέ
641 1151 746 1179 τινα
777 1127 807 1193 ὴ
845 1133 940 1180 τῶν
977 1132 1111 1195 ἱερῶν
1143 1126 1173 1192 ἢ
1209 1132 1303 1179 τῶν
1338 1128 1484 1178 ὁσίων
1517 1126 1771 1225 χρημάτων

257 1209 425 1277 ἔχοντά
448 1232 493 1262 τι
518 1213 602 1274 τῆς
634 1209 873 1272 πόλεως,
879 1210 1067 1274 μηνύειν
1091 1232 1211 1276 προς
1247 1209 1453 1262 τούτους
1495 1208 1613 1272 μετὰ
1639 1209 1766 1259 ταῦτ’
1948 1271 1950 1276 Ι

255 1292 486 1357 ἐμήνυσεν
509 1293 812 1358 Εὐκτήμων’
794 1317 913 1361 εχειν
937 1294 1189 1361 Ἀρχέβιον
1207 1295 1282 1345 καὶ
1308 1294 1615 1357 5Λυσιθειδην
1639 1315 1768 1358 τριη-
1946 1326 1950 1371 J

254 1376 589 1444 ραρχήσαντας
638 1375 854 1444 χρήματα
907 1376 1291 1443 ῐΝαυκρατιτικὰ,
1335 1378 1514 1440 τίμημα
1554 1375 1767 1427 ταλαντα
1783 1402 1819 1433 15

256 1461 386 1512 ἐννέα
420 1462 496 1512 καὶ
521 1459 771 1527 τριάκοντα
795 1466 929 1525 μνᾶς.
971 1464 1220 1528 προσῆλθε
1245 1466 1331 1529 “τῇ
1355 1465 1525 1529 βουλῇ,
1550 1461 1761 1528 προβού-

255 1543 386 1608 λευμ’
433 1542 632 1613 ἐγράφη.
670 1543 788 1606 μετά
831 1550 977 1595 ταῦτα
1020 1545 1271 1610 γενομένης
1310 1546 1563 1609 ἐκκλησίας
1612 1546 1764 1611 πρού-

194 1651 243 1696 15
255 1627 583 1696 χειροτόνησεν
621 1629 646 1678 ὁ
685 1631 845 1692 δῆμος.
888 1628 1099 1683 ἀναστὰς
1138 1628 1399 1693 Εὐκτήμων
1437 1628 1597 1694 ἔλεγεν
1635 1628 1767 1681 ἄλλα

254 1735 304 1763 τε
337 1710 504 1763 πολλὰ
541 1715 617 1762 καὶ
651 1711 869 1780 διεξῆλθε
905 1710 1023 1778 πρὸς
1062 1713 1179 1775 ὑμᾶς
1214 1714 1276 1766 ὡς
1310 1712 1484 1774 ἔλαβεν
1517 1713 1544 1775 ἡ
1576 1712 1766 1779 τριήρης
1779 1741 1820 1763 20

254 1795 309 1847 τὸ
333 1800 504 1848 πλοῖον
530 1796 558 1860 ἡ
587 1795 892 1847 Μελάνωπον
918 1795 1106 1861 ἄγουσα
1140 1798 1215 1847 καὶ
1244 1796 1515 1861 Γλαυκέτην
1541 1798 1616 1847 καὶ
1644 1796 1763 1848 'Av-

252 1881 479 1946 δροτίωνα
504 1878 802 1945 πρεσβευτὰς
829 1880 891 1933 ὡς
916 1879 1242 1942 ΧΜαύσωλον,
1269 1882 1330 1933 ὡς
1363 1880 1534 1931 ε”θεσαν
1558 1879 1644 1944 τὴν
1670 1883 1760 1932 ἱκε-

250 1963 413 2030 τηριάν
432 1962 498 2014 ὧν
517 1961 575 2027 ἦν
599 1962 658 2014 τὰ
683 1961 903 2030 χρήματα
928 1961 1204 2029 Ῡᾶνθρωποι,
1231 1965 1293 2016 ὡς
1318 1963 1762 2031 ἀπεχειροτονήσαθ’

251 2050 376 2112 ὑμεῖς
410 2047 475 2113 μὴ
512 2049 651 2118 φίλια
688 2046 818 2099 εἶναι.
861 2046 965 2098 τότε
1000 2047 1260 2112 ἀνέμνησεν
1287 2048 1416 2111 ὑμᾶς,
1450 2047 1558 2102 τοὺς
1595 2048 1763 2111 νόμους
1777 2071 1814 2101 25

249 2138 267 2158 ²
283 2131 475 2198 ἀνέγνω,
510 2133 610 2183 καθ’
652 2131 730 2186 οὓς
767 2137 932 2182 τοῦτον
969 2130 1052 2182 τὸν
1090 2132 1266 2197 τρόπον
1304 2133 1610 2199 πραχθέντων
1648 2135 1763 2197 ἢτῆς

303 2303 314 2331 i
334 2307 544 2353 διαρπάζειν]
567 2306 725 2352 ἁρπάζειν
744 2319 795 2352 pr.
817 2307 860 2341 A.
957 2304 973 2328 k
995 2306 1052 2353 δὴ]
1077 2307 1112 2341 δέ
1131 2307 1244 2341 A.k.r.
1328 2303 1338 2330 l
1358 2306 1559 2352 εὑρίσκομεν
1580 2304 1704 2350 ταύτην
1724 2307 1761 2340 S.

250 2359 450 2406 Legebatur
468 2359 593 2403 ταύτην
612 2359 823 2406 εὑρίσκομεν,
908 2365 937 2384 ¹¹¹
958 2358 1065 2394 οὖσαν
1084 2360 1204 2406 μόνην]
1228 2361 1333 2404 μόνην
1352 2358 1459 2393 οὖσαν
1478 2360 1513 2392 k.
1608 2366 1626 2384 ¹¹
1649 2360 1761 2394 δυναί-

247 2413 350 2459 μεθα]
375 2413 543 2457 δυνάμεθα
561 2414 596 2447 k.
732 2417 750 2437 0
770 2413 872 2447 αὐτὸν
893 2424 961 2447 om.
982 2414 1096 2449 A.k.S.
1228 2419 1247 2446 P
1268 2412 1423 2458 ζητητὰς]
1450 2411 1595 2456 ζητήσας
1614 2412 1760 2449 A-S.r.s.

250 2473 268 2502 ‘1
289 2463 378 2512 οἶδε’]
401 2461 470 2500 εἶδέ
488 2478 520 2501 v.
659 2471 674 2490 Υ
693 2464 845 2513 μηνύειν]
869 2464 986 2510 μηνύει
1005 2467 1100 2501 Y.O.
1237 2472 1252 2491 S
1273 2464 1495 2512 Λυσιθείδην]
1520 2466 1701 2510 λυσιθίδην
1719 2466 1762 2500 Α.

1330 2530 1340 2546 ι

249 2550 264 2577 t
301 2552 564 2599 Ναυκρατιτικὰ]
607 2555 845 2598 ναυκρατητικά
880 2553 1118 2589 F.S.Y.O.r.S.
1168 2553 1410 2599 ναυκρατητικά
1442 2565 1474 2588 v.
1518 2552 1762 2598 Harpocrati0,

250 2605 487 2670 Ναυκραρικά·
521 2606 739 2651 Δημοσθένης
768 2607 804 2641 ἐν
828 2610 875 2655 τῷ
903 2607 985 2641 κατὰ
1008 2607 1247 2652 Τιμοκράτους.
1289 2607 1419 2650 μήποτε
1448 2607 1589 2647 βέλτιον
1622 2605 1763 2650 φέρεται

247 2659 282 2693 ἐν
308 2660 380 2695 τοῖς
397 2658 655 2695 Ἀττικιανοῖςι
646 2661 902 2705 Ναυκρατιτικὰ,
922 2659 964 2695 ’ἶν’
984 2657 1006 2704 ᾖ
1024 2661 1091 2695 ἀπὸ
1111 2662 1377 2706 Ναυκρατιτικοῦ
1404 2660 1540 2700 πλοίου,
1560 2659 1579 2703 ἢ
1607 2663 1761 2704 Ναυκρα-

246 2715 348 2746 τιτῶν
366 2713 592 2756 ἐμπλεόντων·
622 2713 640 2756 ἡ
660 2713 725 2758 γὰρ
746 2712 934 2758 Ναυκρατις
953 2715 992 2748 τὸ
1012 2715 1158 2748 παλαιὸν
1177 2714 1338 2759 ἐμπόριον
1358 2711 1396 2755 ἧν
1414 2714 1473 2756 τῆς
1489 2711 1675 2759 Αἰγύπτου.
1704 2712 1763 2746 ἐὰν

247 2765 282 2799 δὲ
311 2762 334 2808 ᾖ
360 2766 573 2812 ναυκραρικὰ,
603 2765 653 2809 εἵη
679 2764 720 2799 ἂν
744 2768 786 2799 τὰ
817 2770 883 2801 τῶν
907 2766 1092 2813 ἀρχόντων·
1126 2770 1330 2813 ναυκράρους
1352 2767 1417 2812 γὰρ
1442 2766 1481 2800 τὸ
1509 2766 1656 2800 παλαιὸν
1683 2765 1764 2800 τοὺς

245 2817 412 2863 ἄρχοντας
430 2820 566 2865 ἔλεγον,
587 2819 630 2855 ὡς
651 2820 703 2853 καὶ
723 2819 757 2853 ἐν
776 2822 817 2862 τῇ
837 2835 972 2864 πεμπτῃ
991 2819 1178 2866 Ηρόδοτος
1197 2821 1305 2864 δηλοῖ.
1327 2825 1394 2854 etc.
1547 2825 1562 2840 ¹¹
1582 2818 1640 2864 τῇ]
1665 2818 1702 2852 δὲ
1721 2819 1762 2861 τῇ

247 2871 339 2906 Y.O.
478 2877 497 2897 Χ
518 2870 730 2918 Μαύσωλον]
753 2875 938 2917 μαυσωλόν
961 2874 997 2908 S.
1137 2879 1153 2903 θ’
1173 2872 1344 2919 ἅνθρωποι
1365 2873 1561 2907 Bekkerus.
1591 2871 1762 2917 ἅνθρωποι

246 2924 363 2970 vulgo.
404 2924 594 2971 ἀνθρώποις
621 2938 651 2962 r.
673 2932 708 2960 et
736 2938 787 2972 pr.
810 2927 845 2961 S,
990 2935 1004 2953 7
1026 2926 1170 2973 ἀνέγνω]
1203 2926 1260 2963 οὓς
1286 2925 1491 2972 ἀνεγνώκατε
1521 2930 1697 2960 correctus
1725 2924 1760 2957 k.

247 2981 265 3001 ²²
284 2978 359 3023 τῆς]
383 2981 452 3012 τῶν
471 2980 530 3021 τῆς
549 2979 591 3012 Y.
