1954 3273
70 209 269 251 —790‚9.
584 205 724 242 ΚΑΤΑ
758 205 1224 243 ΑΡΙΣΤΟΓΕΙΤΟΝΟΣ
1258 209 1302 244 Α.
1616 206 1698 245 825

191 333 278 374 γον
308 309 336 374 ἢ
373 313 656 377 συμβουλήν
689 320 774 364 τιν’
803 317 1016 365 ἀκοῦσαι.
1075 315 1311 379 ἀνάγνωθι
1346 314 1431 378 ᾰδὴ
1467 318 1541 365 καὶ
1574 318 1700 366 τουτὶ

191 393 245 443 τὸ
268 394 416 444 καλὸν
441 398 546 460 περὶ
572 398 713 447 αὐτοῦ
739 397 906 462 δόγμα.

833 495 1051 535 AOFMA.

128 584 179 626 75
269 559 369 612 Εἶτ’
396 564 478 612 οὐκ
504 564 799 630 αἰσχύνεσθε,
827 563 863 614 ὦ
889 567 1050 629 ἄνδρες
1078 569 1330 627 Ἀθηναῖοι,
1358 570 1393 615 εὶ
1429 569 1469 615 οἱ
1503 565 1587 626 μὲν
1624 568 1697 616 ἐπὶ
1714 592 1747 621 15

190 646 390 712 πονηρίᾳ
431 648 505 695 καὶ
537 652 632 699 τοῖς
667 649 958 714 Εαἰσχίστοις
996 649 1346 710 ἐμπεπτωκότες
1381 653 1441 701 εἷς
1475 647 1528 698 τὸ
1567 649 1692 713 οἴκη-

188 750 256 790 μα
282 726 516 798 ῐτοσούτῳ
541 736 707 780 τοῦτον
733 730 977 794 ἡγήσαντο
1003 733 1177 782 ἑαυτῶν
1203 730 1345 782 ἕεἶναι
1374 732 1697 797 πονηρότερον,

188 810 305 861 ὥστ’
348 812 543 874 ἄμικτον
587 814 762 867 ἑαυτοῖς
807 818 1119 878 καταστῆσαι,
1164 817 1290 877 ὑμεῖς
1334 816 1371 865 δ’
1415 816 1699 883 ἐξεληλακό-

188 918 282 945 των
319 900 413 945 τῶν
445 895 599 959 νόμων
632 896 773 947 αὐτὸν
808 900 857 948 ἐκ
891 901 973 961 τῆς
1007 898 1246 951 πολιτείας
1282 903 1343 951 εἷς
1381 900 1497 960 ὑμᾶς
1532 898 1698 952 αὐτοὺς

188 978 497 1046 καταμίξετες
541 981 590 1029 τί
619 984 714 1030 τῶν
749 981 1090 1045 πεπραγμένων
1124 979 1153 1043 ἢ
1188 981 1487 1043 βεβιωμένων
1514 981 1692 1030 ἐπαινέ-
1713 1000 1751 1021 20

187 1060 424 1125 σαντες,ἢ
460 1062 509 1112 τί
536 1067 630 1112 τῶν
667 1063 857 1114 πάντων
896 1065 998 1130 οὐχὶ
1034 1063 1432 1130 δυσχεράναντες;
1474 1065 1556 1114 οὐκ
1587 1067 1698 1114 ἀσε-

186 1143 276 1208 βής
298 1166 309 1206 ;
354 1147 436 1195 οὐκ
463 1146 587 1208 ὠμός
609 1168 620 1207 ;
665 1148 746 1196 οὐκ
774 1147 1066 1213 ἀκάθαρτος;
1109 1149 1163 1197 οὐ
1188 1146 1519 1214 συκοφάντης;

123 1238 175 1288 76
260 1230 404 1279 Ἀλλ’
445 1229 569 1292 ὅμως
607 1236 796 1281 τοιαῦτα
837 1235 983 1280 ποιῶν
1028 1233 1102 1280 καὶ
1137 1236 1341 1281 τοιοῦτος
1379 1229 1442 1278 ὢν
1476 1231 1524 1279 ἐν
1568 1230 1693 1279 ἀπά-

1343 1312 1359 1339 h

186 1333 294 1362 σαις
331 1313 398 1361 ἀεὶ
423 1316 518 1380 βοᾷ
555 1317 654 1365 ταῖς
692 1314 961 1376 ἐκκλησίαις
988 1321 1014 1342 “
1035 1312 1126 1377 ἐγὼ
1165 1312 1305 1376 μόνος
1369 1314 1524 1364 εὔνους
1557 1311 1694 1373 ἱὑμῖν·

596 1394 907 1445 Ιξσυνεστᾶσι·
949 1394 1252 1458 προδέδοσθε·
1292 1395 1319 1457 ἦ
1344 1396 1452 1458 παρ’
1480 1396 1580 1456 ἐμοὶ
1605 1394 1692 1454 μό·
1710 1417 1747 1446 25

185 1400 213 1422 “
231 1393 402 1446 πάντες
440 1395 565 1444 οὗτοι

189 1483 216 1506 “
242 1499 322 1527 νον
348 1479 498 1527 εὔνοια
523 1477 712 1541 λοιπή.”
753 1478 989 1540 βούλομαι
1015 1476 1088 1540 1δὴ
1111 1477 1197 1540 τὴν
1222 1476 1482 1545 ΠῚσφοδροὶν
1508 1480 1582 1527 καὶ
1609 1500 1692 1539 με·

186 1558 342 1624 γάλην
372 1561 550 1610 εὔνοιαν
576 1561 717 1610 αὐτοῦ
752 1560 925 1623 ταύτην
961 1559 1194 1628 ἐξετάσαι,
1220 1560 1364 1610 πόθεν
1400 1561 1501 1609 ἐστὶ
1537 1562 1611 1610 καὶ
1649 1563 1697 1611 εἰ(

187 1645 336 1698 1’τίνος
376 1645 501 1712 αὐτῷ
544 1649 775 1709 γεγονυῖα,
816 1644 873 1694 ἵν’
914 1648 950 1693 εἰ
993 1645 1077 1706 μέν
1121 1646 1224 1693 ἐστι
1267 1643 1470 1706 τοιαύτη,
1515 1647 1697 1709 χρῆσθε

121 1727 303 1792 77αὐτῇ
342 1730 416 1776 καὶ
451 1725 717 1790 πιστεύητε,
745 1731 781 1776 εἰ
819 1725 866 1775 δὲ
897 1725 975 1789 μὴ,
1003 1725 1325 1792 φυλάττησθε.
1366 1724 1564 1790 πότερον
1590 1725 1694 1791 γὰρ,

184 1808 255 1858 ὅτι
281 1815 390 1858 οτοῦ
415 1808 593 1873 πατρὸς
620 1809 761 1858 αὐτοῦ
787 1808 989 1858 θάνατον
1015 1808 1270 1872 κατέγνωτε
1311 1809 1384 1856 καὶ
1410 1806 1495 1870 τὴν
1519 1808 1695 1871 μητέρα
1710 1830 1790 1871 790

183 1894 324 1942 αὐτοῦ
350 1894 633 1959 Ρόφλοῦσαν
658 1893 958 1943 ἀποστασίου
991 1892 1237 1951 ἀπέδοσθε,
1265 1889 1340 1940 διὰ
1374 1895 1520 1939 ταῦτα
1554 1889 1695 1940 αὐτὸν

183 1976 289 2037 ὑμῖν
328 1977 514 2025 Ἶεῦνουν
554 1974 914 2036 ὑπολαμβάνετε
954 1972 1101 2035 εῖναι;
1147 1974 1256 2023 ἀλλ’
1298 1973 1474 2023 ἄτοπον
1516 1972 1570 2036 νὴ
1613 1973 1695 2024 τὸν

373 2060 386 2076 N

184 2058 278 2107 Διά
313 2080 389 2107 και
424 2056 582 2109 Υθεοὺς
619 2056 755 2107 τοῦτό
790 2080 857 2122 γε.
922 2061 959 2107 εὶ
993 2057 1077 2119 μὲν
1104 2056 1196 2122 γὰρ
1228 2058 1384 2108 εὔνους
1419 2057 1549 2105 ἐστὶν
1584 2058 1723 2108 ἐκεί-5

183 2163 277 2192 νοις
319 2142 395 2191 καὶ
436 2139 518 2190 τὸν
558 2143 640 2204 τῆς
682 2140 870 2207 φύσεως
917 2140 1131 2206 διασώζει
1171 2139 1326 2201 νόμον,
1369 2137 1418 2191 ὃς
1458 2141 1532 2188 καὶ
1575 2141 1690 2188 8οἰν-

183 2223 386 2287 θρῶποις
426 2225 502 2273 καὶ
541 2224 715 2288 θηρίοις
755 2222 817 2275 εἷς
862 2225 957 2272 ῖκαῖ
996 2224 1051 2273 “ὁ
1091 2221 1227 2275 αὐτὸς
1268 2220 1447 2272 ἅπασιν
1484 2220 1692 2286 ὥρισται,

120 2318 171 2369 78
183 2306 397 2372 στέργειν
420 2306 527 2359 τοὺς
552 2310 715 2371 γονεῖς,
744 2305 966 2357 κακόνους
1005 2306 1106 2354 ἐστὶ
1139 2310 1234 2356 τοῖς
1272 2305 1467 2356 ἐκείνους
1502 2306 1691 2354 ἀπολω-

183 2389 348 2440 λεκόσι
374 2392 520 2452 δῆλον
556 2389 626 2440 ὅτι
665 2391 739 2439 καὶ
777 2389 934 2452 νόμοις
972 2391 1048 2438 καὶ
1080 2388 1294 2454 πολιτείᾳ
1328 2391 1385 2453 τῇ
1420 2387 1612 2437 τούτων·
1655 2392 1689 2437 εὶ

237 2559 255 2586 d
276 2562 333 2607 δὴ]
358 2562 394 2595 δὲ
416 2562 531 2596 F.k.v.
644 2567 659 2585 θ
678 2562 890 2608 αἰσχίστοις]
914 2562 1073 2606 ἐσχάτοις
1093 2561 1272 2596 A.S.Y.O.
1374 2559 1388 2585 f
1405 2560 1577 2607 τοσουτῳ]
1603 2559 1689 2593 οὕτω

183 2615 265 2648 A.k.
394 2620 414 2647 g
443 2611 526 2647 εἶναι
554 2626 623 2648 0111.
645 2614 717 2647 FN.
846 2611 866 2638 h
894 2615 1026 2660 εὔνους]
1053 2615 1100 2647 ἔτι
1126 2616 1246 2648 λοιπὸς
1267 2615 1338 2647 ΓΝ.
1373 2626 1439 2647 om.
1461 2614 1503 2646 A.
1526 2619 1560 2646 et
1580 2625 1630 2657 pr.
1653 2613 1687 2646 k.

183 2669 298 2701 εὔνους
312 2679 379 2702 rec.
402 2668 437 2701 k.
548 2663 558 2690 i
583 2665 676 2711 ὑμῖν]
701 2666 776 2709 ὑμῖν
797 2667 940 2709 διαμενῶ
959 2668 1002 2701 Α.
1034 2667 1110 2710 ὑμῖν
1130 2666 1272 2710 διαμένω
1292 2667 1326 2699 k.
1438 2664 1451 2686 ¹*
1476 2665 1683 2709 συνεστᾶσι]

184 2721 394 2752 συνεστᾶσιν
414 2718 464 2753 ἐπ’
486 2720 544 2762 ε’μέ
563 2720 643 2752 A.k.
788 2716 793 2737 ἰ
816 2718 873 2764 δὴ]
897 2719 932 2752 δὲ
954 2720 1065 2754 F.k.V.
1209 2724 1233 2738 ¹²*
1256 2717 1431 2762 σφοδρὰν]
1456 2718 1593 2761 σφόδρα
1614 2717 1688 2750 F.v.

185 2778 204 2796 Π
224 2772 331 2816 τίνος]
355 2772 445 2806 τίνος
465 2772 508 2806 ὧς
527 2771 659 2813 ἀληθῶς
679 2771 885 2805 A.F.O.k.v.
1039 2777 1056 2796 0
1086 2774 1146 2805 τοῦ
1166 2784 1236 2805 om.
1260 2771 1304 2804 Ο.
1451 2775 1470 2802 Ρ
1490 2768 1687 2812 ὁφλοῖσαν]

184 2825 408 2858 scribebatur
427 2823 620 2868 ὅφλουσαν.
775 2830 794 2856 q
815 2826 931 2857 εὔνουν
951 2824 1209 2867 ὑπολαμβάνετε
1228 2822 1443 2856 A.S.Y.O.k.
1492 2822 1690 2866 Legebatur

184 2877 440 2919 ὑπολαμ-Βάνετε
461 2879 588 2910 εὔνουν.
719 2883 731 2901 Γ
752 2876 847 2911 θεοὺς
869 2876 1038 2911 S.Y.O.k.
1076 2877 1273 2921 Legebatur
1292 2876 1417 2909 πάντας
1436 2873 1544 2908 θεούς.
1575 2874 1612 2916 νὴ
1631 2875 1690 2906 τὸν

185 2928 248 2963 Δία
268 2931 320 2963 καὶ
340 2930 436 2964 θεοὺς
456 2942 488 2974 p.
513 2928 600 2974 884,
626 2939 685 2974 29.
707 2927 796 2974 960,
820 2939 880 2962 21.
1014 2935 1028 2953 5
1048 2929 1235 2974 ἀνθρώποις
1255 2929 1306 2961 καὶ
1327 2926 1469 2971 θηρίοις]
1493 2926 1619 2971 θηρίοις
1639 2927 1690 2958 καὶ

183 2982 370 3026 ἀνθρώποις
390 2983 472 3016 A.k.
586 2982 597 3005 t
619 2982 671 3015 καὶ
690 2993 760 3016 om.
800 2982 919 3014 A.F.v.
942 2988 976 3014 et
996 2994 1046 3026 pr.
1068 2983 1104 3016 k.
1217 2987 1236 3005 ¹¹
1257 2982 1273 3012 ὁ
1294 2992 1363 3013 om.
1386 2992 1416 3012 v.

875 3055 950 3095 ῖς
977 3054 997 3081 2
