1954 3273
266 157 350 198 618
464 161 717 199 ΔΗΜΟΣΘ.
751 161 894 198 ΚΑΤΑ
927 162 1175 200 MEIAIOT.
1251 150 1899 212 012.XX.p.586‚24-587‚³·

268 269 576 335 πεπραγμένα
615 275 682 338 τῷ
724 274 876 338 μιαρῷ
918 271 1081 339 τούτῳ,
1123 273 1198 321 καὶ
1238 269 1509 322 δικάσοντες
1548 268 1780 335 εἰλήχατε,

271 355 345 402 καὶ
386 351 520 402 πάντ’
559 354 690 402 ἐστὶν
730 354 778 402 ἐν
820 355 926 414 ὑμῖν
969 357 1054 421 μιᾷ
1093 353 1248 421 ψήφῳ
1288 351 1655 419 διαπράξασθαι,
1700 356 1781 401 νῦν
1794 365 1831 397 ²5

271 434 494 497 ὀκνήσετε
527 437 626 498 ἐμοὶ
660 439 914 498 βοηθῆσαι,
940 439 1006 504 τῷ
1042 435 1173 503 δήμῳ
1208 437 1518 502 χαρίσασθαι,
1549 433 1656 486 τοὺς
1688 433 1780 482 ἅλ-

271 526 385 572 λους
435 519 748 586 σωφρονίσαι,
800 518 917 580 μετὰ
965 521 1153 581 πολλῆς
1204 519 1471 585 ἀσφαλείας
1520 524 1536 543 ⁰
1552 517 1681 566 αὐτοὶ
1730 515 1785 565 τὸ

272 600 442 651 λοιπὸν
505 600 693 665 διάγειν,
756 599 1055 666 παράδειγμα
1117 599 1400 664 ποιήσαντες
1462 605 1628 650 τοῦτον
1690 603 1786 650 τοῖς

274 682 470 736 ᾱὸίλλοις
492 705 504 745 ;

179 767 258 820 285
349 765 552 816 Πάντων
588 767 669 816 οὖν
705 766 868 817 Εὲνεκα
905 771 999 817 τῶν
1035 766 1298 832 εἰρημένων,
1336 767 1412 815 καὶ
1452 763 1667 828 μάλιστα
1705 766 1880 819 τοῦ587

274 852 382 900 θεοῦ
412 847 550 915 χάριν
580 851 685 914 περὶ
718 850 772 899 οὗ
805 849 892 912 τὴν
923 848 1086 914 ἑορτὴν
1118 851 1310 909 ἀσεβῶν
1343 848 1476 901 οὗτος
1510 847 1677 910 ἥλωκε,
1703 846 1789 910 τὴν

276 931 415 982 ὁσίαν
441 933 515 982 καὶ
542 929 742 982 ἰδικαίαν
769 931 950 995 θέμενοι
974 934 1147 1001 ψῆφον
1171 929 1510 996 τιμωρήσασθε
1537 935 1746 981 τοῦτονὲ.

330 1119 347 1139 ⁰
366 1113 478 1160 αὐτοὶ]
504 1113 626 1148 αὐτοὺς
644 1118 705 1148 tw.
736 1124 805 1148 om.
825 1113 972 1148 A.k.1·.s.
1053 1109 1073 1139 d
1093 1111 1215 1147 ἄλλοις
1235 1123 1304 1146 om.
1324 1124 1375 1158 pr.
1401 1112 1435 1146 S.
1511 1117 1527 1136 e
1547 1111 1658 1158 ἕνεκα]
1683 1110 1791 1146 εἵνεκα

277 1167 453 1202 P.S.Y.O.
556 1165 570 1193 f
586 1165 731 1210 δικαίαν]
755 1166 816 1209 τὴν
835 1166 962 1199 δικαίαν
981 1170 1042 1199 t.v.
1139 1171 1160 1198 g
1180 1165 1223 1198 In
1245 1165 1281 1199 S.
1303 1165 1538 1210 subscriptum
1557 1166 1640 1198 κατὰ
1660 1163 1790 1207 μειδίου

276 1221 355 1255 πεοὶ
373 1222 435 1254 τοῦ
455 1218 631 1254 κονδύλου.
652 1219 793 1253 XXIII.
809 1219 996 1264 διώρθωται
1015 1217 1168 1264 μετρίως.
1200 1218 1257 1252 Sic
1277 1218 1382 1252 etiam
1398 1218 1452 1260 B.‚
1471 1218 1532 1252 sed
1551 1218 1688 1252 omissis
1708 1217 1738 1251 δ.
1754 1232 1791 1262 μ,
