1954 3273
65 194 221 238 —542,
242 201 294 224 11.
731 190 875 227 ΚΑΤΑ
910 189 1159 226 ΜΕΙΔΙΟΎ.
1623 185 1707 229 569

244 297 314 347 ἤδη
346 300 392 353 τῇ
425 298 548 348 κρίσει
579 299 706 353 ἐκείνῃ
738 300 997 350 διαγεγονότα
1029 299 1094 348 ἔτη
1120 297 1234 346 ὀκτὼ,
1256 300 1319 339 καὶ
1339 302 1406 338 τοῦ
1427 298 1572 351 χρόνου
1592 314 1704 348 γεγε·
1722 314 1757 335 ιο

246 365 415 415 νημέιόν
445 365 591 408 παντὸς
621 367 745 406 αἴτιον
768 368 937 407 Μειδίαν
965 367 1053 407 Ξάεὶ
1074 368 1417 418 προφασιζόμενον
1439 365 1501 405 καὶ
1523 366 1702 415 ἀναβαλ-

243 433 430 482 λόμενον.

95 510 170 552 107
252 499 322 551 ὁΟ
361 501 517 552 τοίνυν
567 501 835 565 ἴπεποίηκε,
881 499 917 550 ὦ
960 501 1124 567 ἄνδρες
1167 502 1423 564 Ἀθηναῖοι,
1467 501 1572 565 περὶ
1623 502 1705 560 τῆς

186 586 327 649 δίκης,
355 584 603 647 ἀκούσατε,
630 587 707 635 καὶ
746 588 957 650 θεωρεῖτε
995 585 1066 652 ἐφ’
1096 583 1298 635 ἑκάστου
1336 583 1422 648 τὴν
1458 585 1594 649 ὕβριν
1628 586 1704 634 καὶ

184 667 270 732 τὴν
312 669 634 736 ὑπερηφανίαν
675 669 828 720 αὐτοῦ.
869 671 952 732 τῆς
996 666 1090 733 γὰρ
1137 668 1278 731 δίκης,
1324 666 1531 731 ιιταύτης
1577 666 1702 732 λέγω
1719 693 1755 723 15

183 751 237 815 ἧς
280 749 408 802 εἶλον
447 751 600 813 αὐτὸν,
633 751 847 817 γίγνεταί
883 773 963 814 μοι
1001 749 1235 813 διαιτητὴς
1275 748 1500 816 Στράτων
1540 752 1706 812 Φαλη-

181 831 300 898 ρεὺς,
341 833 588 900 ἄνθρωπος
630 833 808 897 Χπένης
852 833 938 897 μέν
982 856 1052 886 τις
1102 835 1177 883 καὶ
1218 831 1498 899 ἀπράγμων,
1541 832 1703 884 ἄλλως

182 917 220 965 δ’
256 918 309 967 οὐ
348 915 566 983 πονηρὸς,
603 917 734 968 ἀλλὰ
772 919 847 967 καὶ
881 915 1005 968 πάνυ
1043 915 1266 984 χρηστός·
1308 916 1458 982 Ῡὸπερ
1498 915 1581 966 τὸν
1620 938 1701 966 τα-

180 1001 423 1067 λαίπωρον
461 1002 543 1052 οὐκ
583 1002 734 1068 ὀρθῶς
771 1000 910 1052 Ζούδὲ
953 1002 1152 1064 δικαίως,
1192 1000 1322 1051 ἀλλὰ
1361 1003 1436 1051 καὶ
1469 999 1593 1051 πάνυ
1631 1004 1700 1050 αἰ-
1714 1029 1754 1051 20

90 1097 168 1138 108
182 1089 344 1151 σχρῶς
389 1085 709 1137 ἀπολώλεκεν.
770 1085 940 1138 ἶἒῑοῧτος
992 1088 1178 1136 διαιτῶν
1222 1086 1333 1149 ἡμῖν
1384 1086 1408 1135 ὁ
1461 1083 1700 1150 Στράτων,

180 1168 335 1233 ἐπειδή
373 1173 482 1219 ποθ’
522 1169 630 1233 ἧκεν
670 1169 697 1232 ἡ
743 1170 890 1235 κυρία,
932 1167 1088 1219 πάντα
1132 1170 1169 1217 δ’
1216 1167 1304 1232 ἤδη
1347 1166 1702 1236 ι’διεξεληλύθει

179 1255 294 1302 οἰὀίκ
331 1257 426 1303 τῶν
466 1252 634 1316 νόμων,
669 1254 938 1316 ὑπωμοσίαι
977 1255 1051 1303 καὶ
1087 1254 1413 1320 παραγραφαὶ,
1453 1255 1529 1302 καὶ
1570 1252 1701 1303 οὐδὲν

179 1337 241 1387 ἔτ’
269 1335 327 1400 ἦν
366 1335 638 1399 ὑπόλοιπον,
666 1335 720 1387 τὸ
754 1336 839 1401 μὲν
870 1341 1059 1402 πρῶτον
1093 1338 1304 1404 ἐπισχεῖν
1330 1334 1473 1386 ἐδεῖτό
1499 1359 1590 1399 μου
1615 1336 1699 1400 τὴν
1713 1364 1749 1395 25

179 1422 370 1484 δίαιταν,
398 1421 555 1473 ἔπειτα
581 1426 642 1475 εἷς
668 1421 753 1486 τὴν
774 1422 1026 1488 ὑστεραίαν
1047 1421 1392 1480 ἀναβαλέσθαι·
1434 1419 1515 1471 ᾱτὸ
1542 1428 1700 1471 τελευ-

174 1509 305 1555 ταῖον
337 1508 390 1567 δ’,
416 1508 478 1559 ὡς
516 1507 609 1556 οὔτ’
638 1504 730 1571 ἐγὼ
756 1505 1056 1572 συνεχώρουν
1091 1505 1186 1554 οὔθ’
1216 1503 1350 1557 οὗτος
1386 1501 1587 1568 ἀπήντα,
1613 1506 1699 1567 τῆς

86 1606 164 1647 109
177 1593 218 1641 δ’
244 1588 367 1656 ὥρας
391 1590 584 1656 ἐγίγνετ’
614 1590 720 1659 ὀψὲ,
742 1588 1091 1658 κατεδιῄτησεν.
1132 1588 1220 1653 ἤδη
1251 1589 1288 1638 δ’
1317 1588 1521 1654 ἑσπέρας
1547 1589 1697 1652 οὔσης
1710 1611 1794 1656 542

177 1676 254 1724 καὶ
279 1674 480 1728 σκότους
518 1674 700 1741 ἔρχεται
727 1675 925 1728 Μειδίας
964 1675 1126 1724 οὑτοσὶ
1161 1672 1279 1739 πρὸς
1315 1671 1369 1723 τὸ
1395 1676 1489 1725 τῶν
1516 1670 1690 1739 ἀρχόν-

176 1779 270 1807 των
314 1757 497 1820 οἵκημα,
539 1760 614 1808 καὶ
658 1756 1015 1820 καταλαμβάνει
1056 1755 1164 1809 τοὺς
1209 1754 1440 1821 ἄρχοντας
1486 1753 1697 1822 ἐξιόντας

175 1843 250 1891 καὶ
283 1840 366 1892 τὸν
396 1841 652 1908 Στράτωνα
686 1841 866 1893 ἀπιόντ’
895 1841 996 1904 ἤδη,
1029 1839 1113 1903 τὴν
1148 1839 1319 1904 ἔρημον
1353 1837 1602 1901 δεδωκότα,
1630 1841 1693 1893 ὡς

174 1925 265 1990 ἐγὼ
305 1930 399 1975 τῶν
434 1925 825 1991 παραγενομένων
860 1924 981 1978 τινὸς
1025 1921 1362 1987 ἐπυνθανόμην.
1403 1923 1457 1973 τὸ
1491 1922 1577 1985 μὲν
1612 1924 1725 1979 οὖν5

177 2013 366 2074 πρῶτον
405 2008 498 2062 οἷός
541 2009 609 2059 Θτ’
650 2007 708 2072 ἧν
751 2009 925 2060 πείθειν
967 2007 1108 2057 αὐτὸν
1146 2005 1230 2070 ἰὴν
1274 2006 1693 2075 ἕκαταδεδιῃτήκει,

176 2097 350 2158 ταύτην
388 2094 812 2161 ἀποδεδιῃτημένην
851 2092 1169 2159 11ἀποφαίνειν,
1209 2093 1284 2141 καὶ
1323 2089 1426 2143 τοὺς
1463 2090 1695 2157 ἄρχοντας

85 2203 164 2230 110
177 2175 510 2246 μεταγράφειν,
546 2200 621 2227 και
658 2175 949 2240 πεντήκοντα
987 2173 1200 2241 δραχμὰς
1235 2174 1389 2227 αὐτοῖς
1427 2175 1590 2225 ἐδίδου·
1632 2177 1694 2228 ὡς

177 2259 215 2309 δ’
243 2259 572 2326 ἐδυσχεραινον
598 2259 723 2309 οὑτοι
761 2257 815 2308 τὸ
849 2262 1048 2324 πρᾶγμα
1086 2261 1161 2308 καὶ
1196 2257 1460 2323 ουδετερους
1499 2257 1691 2321 επειθεν,
1709 2288 1746 2309 ιο

1589 2349 1599 2367 1

177 2343 441 2406 ἀπειλήσας
482 2366 556 2392 και
608 2344 972 2408 διαλοιδορηθεὶς
1023 2339 1244 2392 ἀπελθων
1285 2341 1333 2391 τί
1379 2345 1529 2398 ποιεῖ·
1519 2382 1530 2401 ,
1615 2344 1692 2392 καὶ

231 2516 245 2535 S
265 2511 332 2556 ἀεὶ]
357 2510 384 2544 δ’
406 2511 455 2545 ἀεὶ
476 2511 586 2545 O.s.v.
608 2516 643 2545 et
658 2522 726 2544 rec.
748 2510 790 2544 Y.
824 2510 866 2545 ὡς
887 2510 936 2544 ἀεὶ
956 2516 1131 2545 correctus
1151 2515 1177 2544 t.
1301 2508 1315 2535 *Ξ
1334 2508 1495 2553 πεποίηκε
1514 2510 1688 2544 A.P.S.O.

175 2565 242 2598 k.s.
275 2565 474 2610 Legebatur
492 2563 653 2607 πεποίηκε
673 2565 784 2597 κακόν.
843 2569 863 2588 U
882 2562 1005 2604 ταύτης
1023 2565 1114 2609 λέγω
1134 2562 1189 2609 ἧς]
1215 2562 1251 2607 ἧς
1270 2565 1361 2609 λέγω
1380 2562 1502 2606 ταύτης
1522 2563 1560 2607 ἢν
1579 2578 1634 2609 γρ.
1653 2564 1688 2597 S.

176 2623 196 2641 Χ
215 2619 316 2661 πένης
335 2630 404 2651 om.
424 2624 452 2653 t.
566 2622 578 2644 Υ
600 2617 700 2662 ὅπερ]
725 2616 808 2661 ὅπερ
829 2617 881 2650 καὶ
901 2616 945 2650 Ο.
1044 2622 1061 2641 Ζ
1082 2617 1160 2650 οὐδὲ
1181 2616 1314 2651 δικαίως
1333 2622 1413 2662 post
1433 2617 1585 2661 αἰσχρῶς
1605 2617 1688 2650 ΕΡ.

178 2670 403 2704 S.Y.O.S.t.V.
531 2676 550 2695 a
569 2669 668 2705 οὗτος
689 2670 851 2704 P.Y.O.s.
882 2670 1002 2703 οὑτοσὶ
1021 2671 1140 2716 vulgo.
1270 2666 1289 2694 b
1310 2669 1559 2716 διεξεληλύθει]
1582 2671 1688 2713 διεξε-

175 2722 316 2766 ληλύθει
335 2725 440 2756 ταῦτα
461 2723 497 2758 S.
529 2722 722 2766 διεληλύθει
740 2735 768 2756 r.
889 2728 902 2744 c
921 2723 982 2757 τάκ
1005 2723 1234 2759 P.S.O.s.t.V.
1262 2723 1305 2756 τὰ
1324 2724 1359 2756 ἐκ
1378 2723 1495 2768 vulgo.
1615 2722 1629 2742 ¹¹
1649 2723 1689 2756 τὸ

174 2778 368 2810 τελευταῖον
389 2776 706 2810 F.P.S.Y.O.S.t.v.
738 2776 937 2821 Legebatur
956 2778 1135 2810 τελευτῶν.
1260 2781 1275 2800 e
1296 2775 1324 2809 τ’
1346 2788 1414 2809 om.
1437 2777 1472 2809 k.
1596 2772 1611 2799 f
1628 2774 1683 2821 ἢν]

174 2829 235 2874 τὴν
253 2829 347 2872 δίκην
367 2827 405 2872 ἦν
423 2830 491 2863 k.r.
601 2834 622 2862 g
642 2828 928 2874 καταδεδιῃτὴκει]
951 2828 1180 2873 καταδιῄτηκει
1196 2834 1221 2863 t.
1333 2826 1351 2852 ¹¹
1371 2828 1573 2873 ἀποφαίνειν
1593 2828 1686 2863 Α.Ο.

907 2891 956 2909 αιν

173 2925 269 2959 k.1·.s.
292 2937 371 2959 cum
390 2939 445 2970 γρ.
467 2925 504 2958 F.
528 2930 562 2959 et
582 2929 737 2959 correcto
753 2937 783 2959 v.
813 2924 999 2970 ἀποφερειιι
1018 2925 1061 2959 Y.
1093 2925 1292 2970 Legebatur
1311 2923 1511 2969 ἀποφέρειν.
1604 2920 1614 2947 i
1635 2924 1688 2957 καὶ

177 2989 245 3012 om.
267 2979 378 3012 A.k.r.
1201 2976 1204 2979 ⁴

899 3051 975 3081 ΝΖ
