1954 3273
9 148 14 188 ῑ
69 151 223 208 —605,
242 169 294 198 27.
662 157 805 195 ΚΑΤΑ
837 155 1246 194 ΑΝΔΡΟΤΙΩΝΟΣ.
1627 149 1710 191 635

195 266 434 332 λεγόντων
458 268 686 334 πονηρίαν
704 267 828 332 τήνδ’
851 266 1157 336 ἀφῃρημένην
1176 265 1262 330 τὴν
1287 264 1470 329 βουλὴν
1495 264 1578 315 τὸν
1602 263 1712 314 στέ-
1725 277 1806 330 605

127 364 179 404 47
196 355 363 421 φανον,
405 353 507 419 οὐχὶ
549 351 843 419 προήσονται
886 350 1067 405 τούτοις
1111 350 1194 404 τὰς
1233 349 1441 419 πράξεις,
1482 347 1614 400 ἀλλὰ
1653 347 1713 399 τὰ

193 436 408 497 βέλτιστ’
445 438 632 502 ἐροῦσιν
670 437 815 488 αὐτοί.
870 439 908 486 εὶ
951 434 999 485 δὲ
1037 433 1286 501 γενήσεται
1330 439 1468 485 τοῦτο
1506 435 1581 483 καὶ
1619 436 1714 483 τῶν

534 522 547 539 N

196 519 410 584 Οήθάδων
446 527 550 571 Ρκαι
588 518 985 584 (ἱσυνεστηκότων
1028 517 1240 586 ῥητόρων
1284 516 1713 584 ἀπαλλαγήσεσθε,

196 603 394 673 ὄψεσθε,
433 603 470 655 ὦ
514 605 676 671 ἄνδρες
721 606 977 669 Ἀθηναῖοι,
1016 602 1154 655 πάνθ’
1196 601 1226 654 ἃ
1269 602 1499 670 προσήκει
1543 601 1743 668 γιγνό·-5

195 711 329 752 μενα.
390 686 503 740 ὥστ’
539 693 577 739 εἰ
614 687 809 753 μηδενὸς
849 688 1004 738 ἄλλου
1048 687 1192 750 ἕνεκα,
1231 686 1338 738 ΙΓδιιῗι
1376 692 1524 737 ταῦτα
1565 707 1711 736 κατα·

195 772 485 841 ψηφιστέον.

130 859 185 912 48
261 854 332 907 AO
359 858 514 908 τοίνυν
545 857 701 924 ἕτερον
735 861 807 909 δεῖ
838 857 903 923 μὴ
938 862 1102 910 λαθεῖν
1137 859 1268 921 ὑμᾶς,
1296 856 1547 907 ἀκούσατε.
1600 855 1717 909 ’ίσως

198 940 489 1005 ἀναβήσεται
521 944 596 992 καὶ
631 948 821 1007 συνερεῖ
850 946 908 1011 τῇ
941 945 1098 1010 βουλῇ
1126 942 1365 994 Φίλιππος
1393 943 1468 991 καὶ
1497 938 1711 1005 Ἀντιγέ-

199 1047 280 1089 νης
323 1027 397 1076 καὶ
444 1027 467 1076 ὁ
513 1026 824 1096 ἀντιγραφεὺς
869 1027 950 1078 καί
989 1050 1108 1080 τινες
1151 1027 1307 1088 ἄλλοι,
1351 1025 1483 1092 οἵπερ
1523 1027 1618 1076 ἐκεῖ
1656 1026 1714 1075 δι’
1733 1051 1771 1072 10

198 1110 375 1160 ἑαυτῶν
401 1107 526 1177 εἶχον
551 1109 669 1173 μετὰ
693 1110 860 1161 τούτου
886 1110 940 1161 τὸ
966 1109 1303 1177 βουλευτήριον
1324 1111 1401 1160 καὶ
1426 1108 1604 1160 τούτων
1624 1113 1718 1159 τῶν

198 1197 354 1244 κακῶν
392 1197 512 1244 εὶσῖν
550 1194 699 1245 α’ίτιοι.
754 1197 826 1245 δεῖ
860 1194 916 1259 δὴ
953 1193 1134 1247 πάντας
1173 1195 1291 1258 ὑμᾶς
1326 1193 1610 1259 γιγνώσκειν
1648 1192 1720 1243 ὅτι

198 1276 379 1330 τούτοις
411 1277 514 1327 ἐστὶ
552 1277 636 1340 μὲν
674 1277 702 1341 ἡ
740 1277 985 1347 πρόφασις
1023 1280 1107 1341 τῆς
1145 1278 1432 1343 συνηγορίας
1469 1280 1526 1343 τῇ
1565 1279 1719 1344 βουλῇ

199 1365 402 1424 βοηθεῖν,
433 1365 492 1429 τῇ
527 1363 568 1411 δ’
597 1362 794 1430 ἀληθείᾳ
828 1361 943 1429 ὑπὲρ
978 1363 1130 1413 αὑτῶν
1167 1363 1474 1428 ἀγωνιοῦνται
1512 1362 1588 1411 καὶ
1626 1365 1721 1411 τῶν

132 1461 188 1502 49
201 1447 418 1509 εὐθυνῶν,
458 1445 511 1500 ἃς
549 1446 716 1501 αὐτοὺς
756 1446 986 1515 προσήκει
1025 1449 1184 1498 δοῦναι
1223 1451 1318 1497 τῶν
1355 1445 1715 1513 πεπραγμένων.
1739 1470 1772 1502 ¹5

199 1530 293 1597 ἔχει
326 1529 419 1597 γὰρ
446 1532 608 1584 οὕτως.
664 1529 747 1583 δᾶν
784 1531 868 1595 μὲν
902 1534 1146 1598 ἀπογνῶτε
1183 1530 1269 1596 τὴν
1302 1529 1498 1598 γραφὴν
1532 1530 1721 1593 ταύτην,

199 1613 401 1669 ἅπαντές
427 1619 546 1666 εἰσιν
572 1616 935 1682 ἀπηλλαγμένοι
962 1618 1038 1667 καὶ
1065 1618 1196 1682 δίκην
1222 1617 1367 1669 οὐδεὶς
1395 1615 1610 1679 οὐδεμίαν
1636 1615 1650 1641 t
1658 1613 1722 1679 μὴ

200 1701 283 1768 δῷ·
325 1701 395 1754 τίς
423 1699 548 1766 υγοὶρ
579 1700 639 1751 ἔτ’
666 1700 723 1752 ἂν
758 1702 1152 1770 καταψηφίσαιτο
1187 1701 1384 1762 ἐκείνων,
1421 1698 1507 1763 τὴν
1540 1698 1724 1763 βουλὴν

201 1785 330 1846 ὑμῶν
355 1784 796 1853 Χέστεφανωκότων,
823 1785 877 1849 ἧς
910 1785 1036 1836 οὗτοι
1069 1785 1408 1852 προέστασαν;
1449 1781 1528 1833 ἐὰν
1555 1782 1603 1833 δὲ
1633 1806 1718 1834 κα-

200 1873 425 1933 ταγνῶτε,
457 1873 646 1938 πρῶτον
681 1867 766 1933 μὲν
799 1868 858 1920 τὰ
892 1870 1060 1935 εὔορκα
1094 1868 1252 1919 ἔσεσθ’
1282 1866 1615 1936 ἐψηφισμένοι,
1643 1865 1720 1918 εἶτ’
1735 1893 1776 1915 20

199 1953 275 2003 ἐπὶ
318 1957 419 2006 ταῖς
457 1952 668 2006 εὐθύναις
710 1953 912 2004 ἕκαστον
949 1953 1128 2004 τούτων
1168 1951 1506 2014 λαμβάνοντες,
1547 1950 1596 2005 ὃς
1639 1951 1725 2016 μὲν

200 2034 259 2087 ἂν
304 2038 445 2101 Ῡὺμῖν
495 2038 666 2088 ἀδικεῖν
712 2039 840 2105 δοκῇ,
885 2036 1133 2100 κολάσετε,
1177 2035 1263 2090 Ζὸς
1311 2037 1348 2086 δ’
1395 2034 1454 2086 ἂν
1502 2034 1581 2100 μὴ,
1625 2035 1723 2086 τότ’

202 2119 428 2189 ἀφήσετε.
485 2120 550 2185 μὴ
583 2121 664 2172 οὖν
690 2123 752 2176 ὡς
784 2120 897 2188 ὑπὲρ
923 2124 1006 2185 τῆς
1032 2124 1212 2184 βουλῆς
1245 2119 1486 2186 λεγόντων
1520 2121 1596 2170 καὶ
1629 2124 1725 2171 τῶν

200 2210 401 2257 πολλῶν
440 2205 640 2269 ἀκούετε,
680 2208 788 2257 ἀλλ’
827 2209 888 2260 ὡς
927 2204 1043 2273 ὑπὲρ
1079 2207 1262 2256 ὃαὺτῶν
1299 2204 1723 2272 παρακρουομένοις
1737 2230 1775 2260 25

204 2289 463 2356 ὀργίζεσθε.

138 2385 193 2430 50
270 2372 383 2424 ’Έτι
427 2375 581 2424 τοίνυν
624 2374 826 2441 Ἀρχίαν
869 2371 995 2437 οἶμαι
1038 2373 1120 2425 τὸν
1159 2371 1454 2438 ἰ)Χολαργεά
1495 2372 1591 2437 (καὶ
1632 2371 1726 2438 γὰρ

206 2458 339 2512 οὗτος
402 2459 620 2520 ἐβούλευε
683 2458 902 2527 πέρυσιν)
969 2459 1031 2512 ὡς
1093 2459 1266 2521 ἐπιεικῆ
1331 2455 1586 2520 δεήσεσθαι
1649 2457 1725 2507 καὶ

261 2624 279 2643 ο
300 2618 431 2662 ἠθάδων
450 2618 574 2654 Y.0.s.
604 2591 735 2662 ᾗθάδων
757 2618 792 2653 s,
834 2618 1036 2664 Legebatur
1056 2618 1193 2652 ἐθάδων.
1304 2623 1324 2651 p
1345 2618 1414 2664 καὶ]
1439 2617 1492 2651 καὶ
1511 2621 1578 2652 τῶν
1597 2618 1724 2654 Y.o.s.

565 2682 626 2708 παρ
934 2681 992 2699 συν

207 2702 223 2725 q
255 2697 530 2744 συνεστηκότων]
564 2699 822 2741 συνεστηκότων
847 2699 886 2732 F.
930 2699 1192 2748 παρεστηκότων
1217 2711 1244 2732 r.
1291 2697 1554 2744 παρεστηκότων
1582 2698 1617 2732 S.
1650 2698 1725 2744 (qui

208 2753 468 2794 συνεστηκότων
486 2751 522 2784 in
541 2765 596 2797 γρ.
618 2751 737 2796 habet)
759 2751 945 2786 Y.O.s.t.v.
1072 2759 1086 2778 Γ
1106 2752 1160 2785 διὰ
1182 2752 1346 2786 S.Y.O.s.
1382 2752 1581 2797 Legebatur
1601 2752 1655 2784 διά
1673 2767 1724 2797 γε.

209 2809 223 2829 S
242 2802 282 2838 ἂν
303 2805 338 2838 S.
368 2804 424 2838 ἐὰν
443 2805 562 2850 vulgo.
661 2806 672 2827 t
691 2805 736 2849 μὴ
757 2805 818 2852 δῷ]
845 2806 925 2839 διδῶ
947 2817 973 2838 S.
1071 2811 1092 2830 Π
1111 2805 1195 2851 γὰρ]
1219 2805 1284 2851 γὰρ
1303 2803 1344 2839 ἂν
1363 2817 1391 2839 r.
1490 2811 1506 2826 Χ
1527 2804 1724 2849 ἐστεφανω-

536 2855 637 2886 κάτων

209 2891 331 2937 κότων]
356 2891 630 2937 ἐστεφανωμένοι
649 2904 676 2926 r.
759 2898 777 2926 Y
799 2892 876 2936 ὑμῖν
894 2904 964 2926 om.
984 2905 1036 2938 pr.
1052 2893 1097 2927 Y.
1179 2900 1194 2918 Z
1214 2891 1250 2928 ὃς
1270 2891 1316 2939 δ’]
1342 2891 1380 2926 ὃν
1400 2890 1428 2925 δ’
1449 2904 1477 2926 S.
1554 2897 1572 2916 a
1591 2891 1720 2938 αὑτῶν]

209 2971 310 3015 αὐτῆς
331 2973 365 3006 k.
475 2969 492 2997 b
515 2972 711 3019 Χολαργέα]
735 2954 915 3018 ΧολαρΞέα
936 2972 970 3006 S.
1001 2974 1199 3019 σχολαργέᾰ
1218 2978 1246 3007 t.
