1954 3273
64 204 144 248 —7
156 205 216 248 15,
236 209 287 234 10.
657 195 800 234 ΚΑΤΑ
831 191 1235 235 ΤῘΜΟΚΡΑΤΟΎΣ.
1623 195 1704 236 745

119 320 168 361 5¹
190 309 388 373 ὕστερον
414 308 462 357 δὲ
486 307 687 376 γράφων
710 305 757 358 Ῑὸ
783 309 920 361 τιθεὶς
946 309 1019 358 ἐπὶ
1044 306 1225 361 τούτοις
1250 307 1384 357 τόνδε
1410 305 1522 357 ἕτὸν
1549 305 1705 369 νόμον,

184 389 267 441 τὸν
301 390 672 457 ἀνεγνωσμένον,
711 392 794 442 οὐκ
827 389 1003 456 ἐνόμιζε
1037 392 1213 442 δίκαιον
1247 388 1361 441 εἶναι
1399 389 1506 444 τοὺς
1540 389 1706 444 αὐτοὺς
1725 415 1760 436 10

492 473 963 541 11ἀναγεγραμμένους
990 476 1189 541 ὕστερον
1215 474 1243 540 ἢ
1271 474 1500 538 ἐτέθησαν
1527 474 1708 539 κυρίους

184 479 278 525 τῶν
310 474 466 538 νόμων

185 558 300 610 εἶναι
342 561 603 625 ἀνενεγκεῖν
646 561 719 610 ἐπὶ
765 559 851 623 τὴν
896 560 1084 625 ἡμέραν,
1125 560 1206 627 ἀφ’
1248 559 1302 623 ἧς
1346 558 1588 623 ἐτέθησαν,
1635 560 1709 608 καὶ

117 642 435 710 52ἰπρότερον
453 647 650 707 ποιῆσαι
673 645 856 710 κυρίους
878 641 907 708 ἢ
932 645 956 694 ὁ
978 646 1070 698 θεὶς
1091 644 1292 694 ἕκαστον
1312 644 1530 711 ἠξίωσεν.
1558 641 1708 711 τούτῳ

184 726 379 791 1(μέντοι
416 731 482 797 τῷ
520 727 648 798 νόμῳ
684 728 940 797 σκέψασθε
979 730 1041 781 ὡς
1078 729 1282 781 ἐναντίος
1320 729 1451 778 ἐστὶν
1489 725 1540 777 δν
1576 726 1708 779 οὗτος
1727 750 1760 780 ¹5

183 811 399 862 τέθεικεν.
450 813 475 862 ὁ
501 812 587 875 μέν
617 834 667 877 γε
694 811 868 862 κελεύει
893 810 976 862 τὸν
1000 812 1325 878 γεγραμμένον
1351 810 1542 878 1χρόνον
1567 809 1596 874 ἢ
1623 810 1709 874 τὴν

186 894 363 961 ἡμέραν
388 896 469 963 ἀφ’
498 895 553 959 ἧς
577 893 673 946 ’Ἡᾶν
698 899 809 962 τεθῇ
840 896 1002 962 κυρίαν
1035 893 1162 946 εἶναι·
1203 897 1227 944 ὁ
1259 897 1296 946 δ’
1326 896 1537 963 ἔγραψεν
1563 896 1709 945 “nnat

187 984 216 1007 ‘⁶
241 978 284 1028 εἴ
304 1001 394 1029 τινι
419 980 814 1045 προστετίμηται”
836 981 943 1046 περὶ
968 983 1062 1030 τῶν
1084 977 1488 1044 παρεληλυθότων
1507 978 1704 1043 Ολε’γων.

117 1076 171 1120 53
187 1067 263 1114 καὶ
289 1063 392 1114 οὐδὲ
419 1065 545 1115 τοῦθ’
575 1062 757 1130 ὥρισεν,
785 1063 992 1131 ἄρχοντα
1017 1063 1345 1131 προσγράψας
1372 1065 1457 1131 ἀφ’
1484 1062 1550 1125 οὗ,
1579 1061 1710 1112 ἀλλὰ

183 1149 438 1211 πεποίηκεν
475 1148 528 1197 οὐ
565 1146 712 1211 μόνον
745 1147 874 1214 Ρπρὸ
912 1151 996 1211 τῆς
1030 1147 1201 1214 ἡμέρας
1231 1149 1316 1198 (Ῑέν
1350 1145 1379 1214 ᾗ
1412 1147 1582 1197 τέθεικε
1621 1145 1702 1196 κύ·
1723 1169 1763 1190 20

182 1252 285 1297 ριον
319 1231 402 1281 τὸν
443 1230 599 1294 νόμον,
636 1230 767 1281 ἀλλὰ
801 1233 877 1282 καὶ
914 1230 1007 1298 πρὸ
1042 1237 1125 1282 τοῦ
1161 1231 1382 1296 γενέσθαι
1420 1230 1524 1282 τινὰ
1557 1231 1706 1294 ἡμῶν·

185 1313 410 1381 ἀόριστον
436 1313 530 1381 γὰρ
562 1312 750 1366 ἅπαντα
782 1314 865 1366 τὸν
898 1316 1266 1382 παρεληλυθότα
1302 1317 1709 1383 προσπεριείληφε

184 1396 401 1465 ἶχρόνον.
460 1398 610 1448 καίτοι
648 1401 799 1466 Ξχρῆν
836 1421 908 1461 σε,
949 1397 985 1449 ὦ
1022 1397 1326 1466 Τιμόκρατες,
1366 1398 1394 1464 ὴ
1435 1405 1601 1450 τοῦτον
1644 1397 1709 1463 μὴ

184 1481 386 1551 γράφειν
424 1481 453 1548 ἢ
492 1484 664 1534 ἐκεῖνον
702 1482 845 1546 λύειν,
884 1484 983 1550 οὐχ,
1022 1483 1098 1534 ἵνα
1139 1482 1164 1533 ὃ
1201 1483 1366 1545 βούλει
1403 1482 1467 1534 σὺ
1505 1483 1707 1548 γένηται,
1725 1507 1760 1539 ²5

185 1565 365 1619 ‘mium
393 1566 450 1619 τὰ
476 1565 736 1634 πράγματα
761 1568 1102 1637 “συνταράξαι.
1158 1568 1268 1634 λέγε
1295 1568 1450 1618 ἄλλον
1477 1567 1634 1632 νόμον.

838 1678 1060 1721 ΝΟΜΟΣ.

117 1753 175 1795 54
304 1750 419 1799 Μηδὲ
446 1750 533 1801 περὶ
561 1753 638 1790 τῶν
665 1750 823 1801 ἀτίμων,
854 1751 958 1792 ὅπως
984 1750 1059 1804 χρὴ
1088 1751 1284 1800 ἐπιτίμους
1310 1750 1450 1793 αὐτοὺς
1476 1750 1587 1797 εἶναι,
1614 1752 1709 1802 μηδὲ

244 1817 333 1868 περὶ
368 1821 445 1857 τῶν
476 1818 722 1869 ὀφειλόντων
752 1821 832 1860 τοῖς
868 1820 972 1860 θεοῖς
1000 1816 1024 1868 ἢ
1057 1820 1108 1872 τῷ
1140 1818 1346 1872 Χδημοσίῳ
1376 1826 1396 1854 y
1410 1819 1460 1872 τῷ
1490 1817 1804 1876 Ἀθηναίων715

242 1885 331 1936 περὶ
372 1884 555 1937 ἀφέσεως
595 1887 663 1925 τοῦ
698 1884 927 1937 ὀφλήματος
965 1884 988 1935 ἢ
1025 1885 1181 1935 τάξεως,
1220 1887 1290 1925 ἐὰν
1328 1885 1380 1936 μὴ
1416 1885 1711 1938 ψηφισαμένων

243 1951 466 2004 Ἀθηναίων
500 1953 571 2003 τὴν
606 1954 741 1994 ἄδειαν
776 1958 929 2005 πρῶτον
961 1954 1014 2004 μὴ
1047 1954 1214 1994 ἔλαττον
1248 1955 1537 2007 ἑξακισχιλίων,
1572 1955 1629 1997 οἷς
1662 1954 1711 1995 ἂν

245 2021 335 2071 δόξῃ
365 2021 536 2072 κρύβδην
563 2020 859 2073 ψηφιζομένοις.
900 2022 988 2061 τότε
1015 2020 1045 2060 δ’
1070 2022 1216 2071 ἐξεῖναι
1242 2022 1494 2074 χρηματίζειν
1522 2021 1604 2062 καθ’
1628 2023 1650 2061 ὅ
1674 2036 1738 2068 τι5

248 2087 297 2127 ἂν
318 2090 363 2143 τῇ
384 2090 513 2138 βουλῇ
536 2087 598 2128 καὶ
619 2091 671 2142 τῷ
693 2087 796 2143 δήμῳ
819 2091 924 2143 δοκῇ.

120 2179 175 2222 55
257 2164 447 2219 ’Άλλος
496 2166 665 2220 Ζοὗτος
721 2164 874 2230 νόμος,
925 2167 1042 2217 ἆούκ
1093 2167 1180 2216 ε’ὣν
1229 2168 1335 2232 περὶ
1389 2169 1484 2217 τῶν
1533 2166 1709 2230 ἀτίμων

192 2248 210 2277 b
258 2249 269 2265 5
311 2248 323 2267 Χ
391 2254 411 2263 Α
477 2250 489 2266 2
623 2249 634 2265 Ι
837 2249 850 2266 Ι
1015 2250 1025 2264 ’
1067 2248 1079 2266 Χ
1314 2251 1324 2267 Ι
1535 2252 1549 2268 X
1601 2252 1611 2266 9
1671 2249 1684 2267 Ι

220 2252 324 2300 ουδε
349 2272 443 2300 των
468 2253 758 2318 οφειλοντων
789 2256 944 2315 λεγειν
977 2252 1080 2300 ουδε
1114 2249 1411 2317 χρηματιζειν
1445 2272 1551 2316 περι
1585 2254 1705 2317 αφε-

1208 2332 1267 2385 ᾱᾶ
1378 2333 1391 2350 x

187 2355 310 2386 σεως
347 2337 442 2384 τῶν
479 2333 774 2403 ὀφλημάτων
811 2333 941 2384 Οοὺδὲ
979 2333 1171 2402 τάξεως,
1269 2358 1295 2385 ν
1331 2358 1397 2399 μη
1435 2338 1518 2399 τῆς
1554 2336 1708 2389 ἀδείας

188 2418 418 2482 δοθείσης,
457 2419 532 2468 καὶ
570 2417 742 2482 ταύτης
778 2416 844 2482 μὴ
878 2417 1076 2469 ε”λαττον
1113 2417 1142 2482 ἢ
1182 2418 1519 2487 ἑξακισχιλίων
1551 2423 1707 2489 ψηφι-
1725 2448 1761 2469 ιο

243 2569 258 2598 f
275 2574 293 2607 ὁ
313 2574 417 2609 τιθεὶς
435 2574 490 2609 ἐπὶ
508 2572 658 2621 τούτοις]
682 2574 737 2608 ἐπὶ
757 2572 891 2609 τούτοις
910 2575 928 2607 ὁ
947 2575 1050 2611 τιθεὶς
1069 2576 1183 2610 A.k.s.
1269 2583 1291 2612 g
1309 2577 1370 2610 τὸν
1389 2587 1459 2610 om.
1476 2577 1511 2611 k.
1587 2574 1607 2601 h
1627 2576 1706 2610 ἇνα-

188 2627 458 2674 γεγραμμένους]
481 2628 736 2674 γεγραμμένους
754 2628 864 2662 A.k.s.
896 2630 1128 2674 γεγραμμένης
1146 2644 1202 2675 γρ.
1224 2629 1264 2664 F.
1424 2626 1435 2654 i
1454 2630 1638 2676 πρότερον]
1661 2630 1707 2673 μὴ

189 2681 356 2725 πρότερον
374 2681 450 2716 ΡΝ.
555 2680 571 2703 k
592 2680 725 2727 μέντοι]
749 2681 811 2724 μέν
831 2681 905 2716 F.v.
1015 2679 1026 2706 1
1044 2684 1168 2727 χρόνον
1187 2694 1258 2717 om.
1279 2694 1331 2728 pr.
1349 2682 1394 2717 O.
1494 2689 1524 2707 m
1544 2681 1584 2716 ἂν
1602 2683 1701 2729 τεθῇ]

189 2732 285 2776 ἐτέθη
304 2734 416 2769 A.k.s.
439 2740 473 2768 et
491 2748 547 2780 γρ.
568 2746 596 2769 r.
695 2740 716 2758 n
736 2735 789 2768 καὶ
808 2745 878 2768 om.
899 2734 935 2769 S.
973 2734 1077 2769 Conf.
1098 2748 1132 2782 p.
1153 2742 1240 2782 717,
1257 2744 1318 2782 27.
1408 2740 1427 2760 ⁰
1446 2737 1557 2781 λέγων
1577 2747 1645 2769 om.
1667 2736 1704 2770 k.

189 2789 210 2818 Ρ
229 2785 313 2832 πρὸ]
336 2787 402 2821 ἀπὸ
422 2788 498 2823 RV.
601 2794 620 2820 q
641 2787 676 2821 ἐν
696 2799 765 2821 om.
785 2788 822 2821 k.
935 2792 950 2811 Γ
968 2789 1092 2833 χρόνον
1112 2800 1181 2823 om.
1203 2790 1240 2823 k.
1343 2794 1358 2813 S
1377 2788 1479 2834 χρῆν]
1505 2789 1608 2835 ἐχρῆν
1626 2791 1703 2823 A.s.

191 2839 204 2864 t
221 2839 347 2885 πάντα]
371 2840 504 2876 πάντως
522 2853 550 2875 r.
648 2846 669 2865 u
690 2840 915 2886 συνταράξαι]
941 2842 1158 2886 συνταραχθῆ
1179 2842 1290 2876 A.k.s.
1310 2846 1344 2875 et
1363 2855 1418 2887 γρ.
1441 2842 1467 2875 F
1473 2854 1511 2876 .r.
1609 2847 1628 2866 X
1649 2842 1705 2885 δη-

189 2890 317 2940 μοσίῳ]
342 2893 435 2941 δήμῳ
454 2895 528 2928 A.s.
545 2899 580 2928 et
598 2908 653 2940 γρ.
672 2894 738 2928 S.1·.
806 2899 825 2926 Y
844 2893 908 2940 τῷ]
932 2896 1000 2927 τῶν
1021 2895 1200 2930 S.Y.1·.S.v.
1273 2901 1292 2920 Ζ
1311 2894 1425 2941 οὗτος]
1449 2894 1571 2929 οὑτοσὶ
1590 2895 1705 2929 A.k.S.

191 2949 211 2969 ⁸·
229 2945 288 2979 οὐκ
307 2946 388 2993 ε’ὣν]
412 2948 430 2981 ὁ
451 2946 597 2982 κελεύων
616 2959 645 2983 s.
786 2943 805 2971 b
825 2947 903 2981 οὐδὲ
922 2946 1007 2993 τῶν]
1031 2948 1110 2982 οὐδὲ
1129 2948 1206 2994 περὶ
1225 2951 1292 2983 τῶν
1310 2947 1404 2983 Y.O.
1533 2952 1550 2973 ⁰
1569 2947 1664 2994 οὐδὲ]
1687 2947 1705 2992 ἢ

189 2997 369 3036 A.k.r.s.v.
479 2998 494 3022 d
513 2999 553 3035 ἂν
574 3000 609 3035 S.
641 3000 698 3035 ἐὰν
715 3000 834 3047 vulgo.

873 3076 908 3102 M
935 3077 971 3102 ΙΠ
997 3075 1019 3104 2
