1954 3273
164 156 248 197 748
720 157 1149 196 ΔΗΜΟΣΘΕΝΟΎΣ
1220 154 1303 194 OR.
1327 153 1506 195 XXIV.
1529 168 1570 208 p.
1588 141 1685 206 717,
1706 167 1801 191 11-

165 267 427 334 ἀνθρώπων
453 268 591 334 ἔργον
610 268 754 319 ἐστίν.
790 268 955 318 οὐκοῦν
975 269 1016 317 οἱ
1043 266 1175 329 νόμοι
1200 265 1285 329 μὲν
1303 264 1504 319 ἅπαντες
1528 288 1678 330 προσ-

164 349 418 402 τάττουσιν
461 348 492 401 ἂ
534 350 626 418 χρὴ
671 355 832 412 ποιεῖν,
878 354 921 401 οἱ
969 350 1170 403 τιθέντες
1222 348 1272 399 δὲ
1321 348 1405 403 τὰς
1455 350 1683 415 ἱκετηρίας

166 433 363 485 δέονται.
407 438 444 485 εἰ
482 434 637 484 τοίνυν
674 432 887 484 ἱκετεύειν
914 434 996 484 οὐκ
1035 432 1233 501 ἔξεστιν,
1260 431 1289 496 ἦ
1314 455 1406 483 που
1432 431 1607 495 εινόμον
1637 433 1680 498 γ’

166 518 402 583 ἐπίταγμα
439 517 607 584 ἔχοντα
645 517 908 584 εἱσφέρειν;
949 516 1042 582 ἐγὼ
1067 515 1152 581 μὲν
1178 518 1260 567 οὐκ
1292 514 1435 579 οἶμαι.
1478 518 1554 566 καὶ
1588 515 1682 582 γὰρ

167 600 369 668 αἰσχρὸν
400 602 506 666 περὶ
545 597 609 650 ὧν
641 598 758 664 μηδὲ
792 598 1064 666 χαρίζεσθαι
1101 603 1195 651 δεῖν
1221 600 1524 667 ὑπειλήφατε,
1550 597 1682 665 ι’περὶ
1698 621 1732 654 15

166 685 344 736 τούτων
371 683 582 734 ἀκόντων
609 685 737 747 ὑμῶν
762 684 842 733 ε’ἇν
868 681 899 733 ἅ
924 705 1041 736 τινες
1067 682 1323 743 βούλονται
1347 685 1632 750 πραχθῆναι.

100 782 153 836 63
241 767 364 833 Λέγε
388 765 470 818 τὸν
495 766 614 830 μετὰ
637 772 804 817 τοῦτον
831 765 1045 835 (ῖέφεξῆς.

818 869 1040 910 ΝΟΜΟΣ.

275 946 416 988 ’Όσων
437 948 520 996 δίκη
541 947 731 998 πρότερον
753 945 911 998 ἐγένετο
938 944 991 996 ἀῆ
1020 953 1034 970 ‘³
1049 947 1191 987 εὔθυνα
1210 945 1233 997 ἢ
1255 947 1476 987 διαδικασία
1502 947 1594 998 περί
1618 963 1684 987 του
1699 964 1738 986 20

227 1017 271 1057 ἐν
292 1016 535 1069 δικαστηρίῳ,
558 1014 581 1065 ἢ
607 1014 621 1042 f
638 1015 713 1068 ἰδία
739 1012 763 1064 ἢ
788 1015 967 1068 δημοσία,
990 1012 1012 1064 ἢ
1034 1012 1076 1053 τὸ
1100 1015 1285 1065 δημόσιον
1307 1014 1486 1060 ἀπέδοτο,
1508 1013 1560 1064 μὴ
1583 1013 1685 1054 εἰσά-

228 1100 315 1137 γειν
336 1084 424 1135 περὶ
445 1083 591 1123 τούτων
609 1084 662 1124 εἷς
682 1082 726 1122 τὸ
748 1081 996 1133 δικαστήριον
1016 1080 1100 1131 μηδ’
1120 1082 1373 1133 ἐπιψηφίζειν
1394 1085 1471 1121 τῶν
1488 1081 1690 1134 ἀρχόντων

227 1152 388 1203 μηδένα,
411 1152 506 1202 μηδὲ
529 1153 758 1202 κατηγορεῖν
780 1150 933 1190 ἐώντων
954 1145 978 1187 ἂ
1000 1147 1068 1187 οὐκ
1090 1149 1207 1189 ἐῶσιν
1229 1150 1266 1188 οἱ
1287 1149 1411 1200 νόμοι.

103 1237 158 1289 64
245 1234 546 1302 Τιμοκράτης
583 1235 751 1296 τοίνυν,
783 1233 947 1301 ὥσπερ
985 1234 1245 1301 μαρτυρίαν
1282 1230 1347 1283 ὧν
1385 1235 1535 1283 ἀδικεῖ
1563 1233 1686 1299 γρά-

172 1324 293 1390 φων,
321 1318 453 1374 εὐθὺς
477 1317 735 1386 ἀρχόμενος
767 1324 850 1369 τοῦ
886 1316 1029 1382 νόμου
1063 1317 1288 1368 τάναντία
1320 1316 1453 1381 ἔθηκε
1490 1317 1682 1370 τούτοις.
1703 1344 1739 1376 25

173 1412 194 1442 g
212 1406 238 1456 ὃ
276 1405 361 1469 μέν
399 1426 452 1469 γε
491 1403 574 1454 οὐκ
615 1403 669 1471 ἐᾷ
704 1403 810 1469 περὶ
849 1400 915 1453 ὧν
957 1401 1014 1453 ἂν
1058 1401 1193 1469 ἅπαξ
1226 1405 1324 1469 γνῷ
1360 1399 1689 1467 Ι’δικαστήριον

174 1486 351 1540 ἰπάλιν
389 1485 700 1554 χρηματίζειν·
745 1487 770 1537 ὁ
809 1489 846 1536 δ’
889 1486 1087 1554 ἔγραψε,
1126 1487 1201 1535 καὶ
1239 1485 1282 1535 εἴ
1313 1507 1401 1535 τινι
1439 1484 1690 1550 προστετί-

175 1594 319 1637 μηται
356 1569 475 1621 κατὰ
516 1568 660 1633 νόμον
701 1567 730 1633 ὴ
777 1567 896 1619 κατὰ
938 1567 1188 1637 ψήφισμα,
1228 1567 1310 1619 τὸν
1353 1570 1500 1632 δῆμον
1539 1567 1689 1636 τούτῳ

177 1652 485 1724 χρηματίζειν,
513 1653 639 1706 ὅπως
677 1650 708 1703 ἃ
741 1651 827 1717 μὲν
852 1651 1000 1718 ι(ἔγνω
1039 1651 1092 1703 τὸ
1129 1651 1432 1718 δικαστήριον
1456 1649 1687 1715 1λυθήσε-
1705 1656 1785 1709 718

175 1762 265 1802 ται,
307 1735 645 1800 ωκαταστήσει
688 1737 725 1787 δ’
772 1735 1003 1802 ἐγγυητὰς
1054 1743 1073 1762 ¹¹
1092 1737 1117 1786 ὁ
1158 1736 1368 1804 Οὸφλών.
1424 1737 1499 1784 καὶ
1543 1734 1567 1784 ὃ
1608 1732 1693 1797 μὲν

176 1823 317 1887 νόμος
352 1823 458 1886 μηδ’
487 1819 787 1890 ἐπιψηφίζειν
820 1822 944 1889 φησὶ
980 1824 1075 1871 τῶν
1106 1818 1350 1887 ἀρχόντων
1383 1816 1513 1885 παρὰ
1548 1823 1695 1867 ταῦτα

175 1907 364 1971 μηδένα·
406 1907 431 1956 ὁ
470 1906 508 1956 δ’
544 1904 727 1973 ε”γραψε
771 1908 867 1958 τοῖς
905 1902 1148 1970 προέδροις
1185 1901 1457 1967 ἐπάναγκες,
1499 1900 1579 1951 ἐάν
1624 1922 1693 1953 τις

175 1994 423 2058 Ρκαθιστῇ,
467 1987 743 2056 προσάγειν,
787 1989 862 2039 καὶ
906 1987 1250 2056 προσέγραψεν
1294 1992 1323 2015 “
1342 1983 1471 2037 ὁπότ’
1519 1983 1577 2034 ἄν
1623 2005 1722 2036 τιςε

177 2083 205 2106 “
230 2074 509 2139 βούληται.”

111 2170 163 2221 65
253 2158 393 2223 ‘lAe'y’
420 2158 575 2225 ἕτερον
603 2155 761 2221 νόμον.

813 2243 1034 2284 ΝΟΜΟΣ.

293 2320 375 2360 Τὰς
405 2319 511 2360 δίκας
543 2317 604 2357 καὶ
636 2318 706 2358 τὰς
733 2316 893 2361 διαίτας,
928 2315 1019 2354 ὅσαι
1048 2312 1233 2366 ἐγένοντο
1266 2313 1356 2353 ῐέπὶ
1386 2316 1465 2354 τοῖς
1495 2312 1624 2361 νόμοις
1653 2311 1696 2350 ἐν

239 2386 577 2440 δημοκρατουμένῃ
595 2393 608 2412 s
626 2386 670 2435 τῇ
692 2384 820 2430 πόλει,
845 2385 974 2434 κυρίας
996 2381 1106 2422 εἶναι.

236 2533 256 2554 ⁸·
275 2526 395 2573 νόμον]
420 2526 523 2570 νόμου
543 2524 627 2559 A.S.
739 2520 759 2549 b
779 2524 856 2569 περὶ
875 2522 1005 2557 τούτων
1025 2534 1094 2557 om.
1115 2523 1156 2556 A.
1253 2525 1266 2542 c
1287 2519 1429 2566 ἐφεξῆς]
1454 2519 1578 2566 ἐφεξῆς
1597 2520 1699 2563 νόμον

182 2597 389 2633 A.Y.O.k.s.
526 2591 545 2619 d
566 2593 583 2638 ἢ
604 2605 676 2629 om.
697 2605 726 2628 r.
864 2598 880 2618 e
901 2593 1022 2627 εὔθυνα
1042 2591 1148 2626 Y.r.s.
1178 2582 1299 2625 εὐθὺνῗι
1320 2589 1365 2624 Ο.
1397 2588 1517 2624 εὐθύνα
1536 2589 1643 2634 vulgo
1662 2592 1698 2622 et

183 2652 232 2686 sic
253 2651 290 2686 S.
400 2645 417 2674 f
434 2648 501 2693 ἰδίᾳ
521 2647 539 2692 ἢ
561 2647 708 2691 δημοσίᾳ
729 2646 860 2682 S.Y.O.
893 2646 1094 2692 Legebatur
1111 2643 1178 2678 ἰδία
1197 2643 1216 2687 ἢ
1237 2641 1395 2687 δημοσία.
1433 2642 1536 2677 Conf.
1557 2654 1591 2687 p.
1610 2640 1696 2688 718,

190 2715 249 2750 14.
374 2708 395 2737 g
414 2702 450 2748 ὁ]
475 2701 511 2737 ὃς
529 2714 557 2736 r.
585 2700 655 2741 οὓς,
678 2711 777 2734 eraso
792 2714 825 2743 υ,
846 2701 888 2734 A.
1017 2696 1037 2723 h
1058 2696 1292 2743 δικαστήριον]
1315 2697 1354 2730 τὸ
1375 2695 1592 2741 δικαστήριον
1610 2694 1696 2729 A.F.

184 2760 321 2794 k.r.s.v.
431 2752 442 2780 ἱ
461 2756 565 2789 πάλιν
585 2765 654 2788 om.
671 2755 744 2788 A.s.
859 2750 879 2779 k
901 2752 1004 2799 ἔγνω]
1029 2753 1182 2797 ἔγνωστο
1201 2763 1228 2785 r.
1341 2747 1351 2774 ¹
1369 2747 1572 2794 λυθήσεται]
1597 2747 1698 2792 θήσε-

184 2826 238 2846 ται
259 2810 303 2845 O.
415 2814 445 2833 ¹¹¹
466 2807 691 2853 καταστήσει]
716 2805 915 2851 καταστήσῃ
936 2806 1124 2840 A.S.k.r.s.
1212 2810 1231 2828 ¹¹
1251 2805 1269 2835 ὁ
1289 2815 1358 2837 om.
1381 2803 1419 2836 F.
1517 2807 1535 2826 ⁰
1555 2800 1693 2847 ὀφλών]

596 2857 731 2897 ὀφείλων

187 2906 410 2941 Scribebatm·
439 2904 571 2950 ὅφλων.
612 2903 732 2949 ὅφλων
750 2915 779 2937 r.
821 2901 972 2947 ὀφείλων
991 2901 1105 2936 A.k.s.
1263 2905 1281 2933 P
1312 2898 1472 2944 καθιστῇ]
1497 2898 1639 2941 καθίστη
1661 2896 1698 2931 S.

185 2965 205 2993 q
224 2959 322 3006 λέγε]
346 2961 426 3005 λέγε
446 2957 475 2993 δ’
495 2971 546 3005 pr.
569 2957 614 2993 O.
726 2969 742 2991 r
762 2956 816 2990 ἐπὶ
836 2957 905 2991 τοῖς
925 2956 1039 2999 νόμοις
1058 2966 1127 2989 om.
1149 2966 1177 2989 r.
1289 2958 1304 2978 ⁵
1324 2953 1365 2996 τῇ
1385 2964 1456 2987 0111.
1478 2964 1508 2985 v.
