1954 3273
239 197 323 238 738
782 201 1208 240 ΔΗΜΟΣΘΕΝΟὙΣ
1316 198 1400 237 οη.
1420 194 1601 235 XXIV.
1621 206 1662 247 p.
1681 197 1779 243 707,
1797 203 1872 227 1-

298 312 472 363 δραχμὰς
503 312 606 363 ἱερὰς
632 314 677 362 τῇ
710 312 872 365 Ἀθηνᾷ,
905 320 924 348 P
938 315 1013 351 τῶν
1047 311 1089 350 δὲ
1120 309 1319 362 προέδρων
1355 309 1517 350 ἕκαστος
1556 305 1749 358 ὀφειλέτω
1764 309 1841 352 707

298 377 582 429 τετταράκοντα
602 381 776 431 δραχμὰς
807 380 910 431 ἱερὰς
938 380 984 428 τῇ
1010 378 1170 430 Ἀθηνᾷ.
1204 377 1265 417 καὶ
1288 376 1447 425 ἔνδειξις
1468 384 1485 412 q
1502 374 1627 414 αὐτῶν
1649 373 1749 412 ἔστω

297 444 394 495 πρὸς
422 445 510 487 τοὺς
541 445 819 496 Γθεσμοθέτας,
843 445 1015 496 καθάπερ
1045 444 1115 484 ἐάν
1141 461 1196 484 τις
1223 444 1323 496 ἄρχῃ
1354 443 1529 494 ὀφείλων
1557 443 1607 495 τῷ
1638 443 1751 490 δημο-

299 512 384 565 σίῳ·
417 513 454 552 οἱ
481 513 523 552 δὲ
551 512 786 562 θεσμοθέται
815 512 903 553 τοὺς
934 510 1205 564 ἐνδειχθέντας
1237 511 1476 561 εἰσαγόντων
1498 509 1552 550 εἰς
1581 507 1624 546 τὸ
1648 510 1778 548 &axa-5

300 578 458 630 στήριον
490 581 586 618 κατὰ
606 579 676 618 τὸν
705 580 824 628 νόμον
851 577 874 628 ἢ
901 578 952 629 μὴ
974 580 1163 618 ἀνιόντων
1191 579 1244 619 εἰς
1259 577 1420 629 ’Ἄρειον
1441 575 1583 627 πάγον,
1608 575 1658 616 ὡς
1689 591 1752 613 κα-

177 651 230 692 26
300 647 511 688 ταλύοντες
540 645 611 695 τὴν
642 647 913 697 ἐπανόρθωσιν
940 649 1016 685 τῶν
1051 646 1192 695 νόμων.
1223 644 1297 695 πρὸ
1330 645 1372 683 δὲ
1399 645 1463 692 τῆς
1496 642 1702 691 ἐκκλησίας
1733 642 1753 680 ὁ

298 713 542 763 βουλόμενος
562 711 807 762 5Ἀθηναίων
839 712 1017 752 ἐκτιθέτω
1048 713 1222 764 ῑπρόσθε
1251 715 1327 751 τῶν
1355 710 1566 759 ἐπωνύμων
1595 708 1753 760 γράψας

298 780 386 822 τοὺς
408 781 560 830 νόμους,
585 780 650 822 οὓς
677 778 726 819 ἂν
747 783 843 830 τιθῇ,
867 781 970 822 ὅπως
990 778 1039 819 ἂν
1059 779 1154 831 πρὸς
1181 779 1224 819 τὸ
1249 781 1397 828 πλῆθος
1427 781 1504 817 τῶν
1523 787 1544 805 u
1561 775 1752 816 τεθέντων
1768 789 1805 809 10

300 848 429 896 νόμων
449 847 674 898 ψηφίσηται
696 848 715 885 ὁ
739 850 855 897 δῆμος
885 847 973 898 περὶ
1000 849 1068 886 τοῦ
1097 847 1242 899 χρόνου
1269 850 1350 887 τοῖς
1382 843 1624 895 νομοθέταις.
1657 845 1677 882 ὁ
1711 843 1753 883 δὲ

298 914 416 955 τιθεὶς
436 913 504 953 τὸν
526 913 660 953 καινὸν
683 915 815 963 νόμον,
839 912 1076 964 ἀναγράψας
1107 915 1161 955 εἰς
1188 913 1381 962 λεύκωμα,
1407 910 1585 951 ἐκτιθέτω
1605 911 1755 961 πρόσθε

299 985 376 1021 τῶν
395 981 605 1031 ἐπωνύμων
627 989 647 1008 Χ
662 981 866 1032 ὁσημέραι,
889 981 960 1022 ἕως
990 979 1039 1020 ἂν
1063 981 1117 1030 Υὴ
1147 980 1335 1030 ἐκκλησία
1354 978 1525 1030 γένηται.
1559 979 1755 1028 αἱρεῖσθαι

300 1049 342 1088 δὲ
368 1048 429 1088 καὶ
450 1048 538 1090 τοὺς
558 1046 1010 1099 συναπολογησομένους
1036 1047 1105 1086 τὸν
1129 1049 1249 1096 δῆμον
1281 1050 1357 1089 τοῖς
1385 1048 1528 1096 νόμοις,
1552 1044 1620 1084 Ζοῖ
1640 1044 1688 1085 ἂν
1709 1045 1752 1084 ἐν
1769 1058 1805 1089 15

298 1119 378 1157 τοῖς
409 1115 638 1166 νομοθέταις
664 1116 848 1163 λύωνται,
869 1113 987 1154 πέντε
1018 1114 1159 1166 ἄνδρας
1191 1115 1231 1164 ἐξ
1251 1115 1472 1164 Ἀθηναίων
1493 1112 1690 1162 ἁπάντων,
1711 1116 1758 1169 τῇ

301 1181 482 1232 ἑνδεκάτῃ
503 1185 570 1221 τοῦ
593 1183 907 1233 ἑκατομβαιῶνος
925 1182 1058 1232 μηνός.

176 1274 226 1317 27
317 1266 465 1317 Οὗτοι
502 1265 675 1321 πάντες
715 1270 757 1317 οἱ
802 1266 934 1329 νόμοι
970 1270 1140 1316 κεῖνται
1175 1264 1329 1316 πολὺν
1367 1264 1455 1329 ἤδη
1497 1264 1681 1332 χρόνον,
1721 1263 1758 1315 ὦ

241 1349 405 1414 ἄνδρες
443 1351 675 1411 δικασταὶ,
714 1351 790 1399 καὶ
829 1354 995 1415 πεῖραν
1028 1351 1181 1399 αὑτῶν
1220 1348 1456 1402 πολλάκις
1498 1348 1757 1399 δεδώκασιν
1770 1371 1811 1392 20

242 1432 314 1483 ὅτι
351 1433 674 1501 συμφέροντες
717 1435 823 1495 ὑμῖν
868 1435 972 1496 εἰσὶ,
1013 1435 1088 1483 καὶ
1134 1434 1279 1487 οὐδεὶς
1318 1433 1509 1484 πώποτε
1550 1435 1758 1484 Βάντεῖπε

242 1516 307 1581 μὴ
352 1518 405 1568 οὐ
449 1522 606 1570 καλῶς
658 1517 779 1584 ἔχειν
825 1517 1003 1570 αὐτούς.
1061 1517 1259 1571 εἰκότως·
1319 1516 1450 1567 οὐδὲν
1494 1516 1587 1583 γὰρ
1631 1516 1759 1579 ὠμὸν

244 1598 348 1650 οὐδὲ
385 1600 541 1661 βίαιον
579 1600 671 1650 οὐδ’
705 1598 1012 1666 ὀλιγαρχικὸν
1049 1599 1449 1666 προστάττουσιν,
1477 1599 1609 1650 ἀλλὰ
1646 1601 1753 1650 τού-

246 1684 431 1733 ναντίον
479 1682 635 1734 πάντα
689 1682 1039 1751 φιλανθρώπως
1090 1685 1166 1733 καὶ
1217 1686 1476 1747 δημοτικῶς
1527 1682 1761 1751 φράζουσι

179 1785 230 1827 28
243 1766 481 1833 πράττειν.
525 1770 601 1817 καὶ
632 1771 821 1833 πρῶτον
855 1766 938 1830 μὲν
971 1765 1082 1834 ὒέφ’
1119 1769 1225 1831 ὑμῖν
1260 1768 1487 1831 ἐποίησαν
1523 1770 1754 1834 διαχειρο-
1772 1793 1809 1824 25

245 1852 418 1914 τονίαν,
443 1851 642 1918 πότερον
668 1850 924 1904 εἰσοιστέος
949 1852 1084 1901 εέστὶ
1119 1849 1452 1914 νόμος καινὸς
1484 1849 1513 1914 ἢ
1541 1854 1761 1902 δοκοῦσιν

245 1937 402 2001 ἀρκεῖν
428 1939 470 1985 οἱ
507 1935 718 1998 κείμενοι·
762 1933 880 1997 μετὰ
905 1940 1053 1984 ταῦτα
1079 1936 1116 1984 δ’
1144 1931 1200 1985 ἂν
1227 1932 1246 1960 ‘¹
1262 1933 1622 2001 χειροτονήσητε
1656 1938 1756 1984 εἰσ-

248 2017 419 2086 φέρειν,
453 2019 536 2068 οὐκ
576 2016 708 2071 εὐθὺς
749 2017 922 2068 τιθέναι
959 2018 1276 2086 προσέταξαν,
1308 2017 1440 2068 ἀλλὰ
1478 2016 1563 2081 τὴν
1602 2018 1763 2083 τρίτην

248 2102 520 2171 εάπέδειξαν
563 2103 834 2166 ἐκκλησίαν,
875 2104 951 2152 καὶ
991 2103 1084 2152 οὐδ’
1124 2103 1172 2153 ἐν
1217 2101 1363 2169 ταύτῃ
1404 2102 1578 2152 τιθέναι
1615 2101 1758 2152 δεδώ-

247 2209 401 2247 κασιν,
429 2184 560 2236 ἀλλὰ
586 2184 884 2253 ἰσκέψασθαι
923 2189 1026 2235 καθ’
1055 2185 1080 2235 ὅ
1106 2207 1149 2235 τι
1186 2184 1292 2237 τοὺς
1331 2185 1585 2248 νομοθέτας
1611 2189 1756 2236 ἕκαθ·
1775 2192 1857 2244 708

249 2274 364 2320 ιεῖτε.
404 2271 451 2319 ἐν
494 2268 542 2319 δὲ
582 2273 647 2336 τῷ
689 2267 868 2337 μεταξὺ
909 2267 1091 2336 1Ἄχρόνῳ
1132 2267 1281 2336 τούτῳ
1321 2267 1626 2336 προσέταξαν
1667 2273 1763 2322 τοῖς

247 2351 258 2378 i
267 2352 572 2416 βουλομένοις
598 2352 832 2419 εἰσφέρειν
858 2351 1080 2402 ἐκτιθέναι
1106 2350 1212 2404 τοὺς
1238 2350 1407 2414 νόμους
1432 2349 1644 2417 πρόσθεν
1669 2355 1764 2402 τῶν

306 2532 325 2560 Ι)
345 2527 411 2557 τῶν
431 2524 466 2556 δὲ
475 2521 646 2565 -Ἀθηνᾷ
665 2534 734 2555 0111.
756 2535 787 2555 v.
874 2528 893 2555 (1
913 2523 1022 2556 αὐτῶν
1041 2523 1149 2569 ἔστω]
1173 2524 1264 2557 ἔστω
1284 2523 1394 2557 αὐτῶν
1412 2524 1527 2558 A.k.s.
1602 2529 1617 2548 Γ
1636 2523 1763 2567 θεσμο-

250 2576 365 2622 θέτας]
391 2576 575 2620 νομοθέτας
594 2587 625 2608 v.
738 2582 751 2601 S
771 2574 972 2621 Ἀθηναίων]
996 2575 1161 2619 ἀθηναίων
1180 2576 1374 2620 νομοθετεῖν
1389 2577 1463 2611 F.v.
1575 2576 1589 2602 t
1608 2577 1760 2624 πρόσθε]

250 2630 404 2676 πρόσθεν
423 2641 455 2663 v.
476 2628 533 2662 hic
548 2633 583 2662 et
603 2628 703 2661 infra.
815 2635 833 2653 ¹¹
864 2628 1045 2674 τεθέντων]
1070 2629 1270 2663 ἐκτεθέντων
1290 2629 1329 2663 F.
1440 2635 1460 2654 X
1481 2629 1662 2675 ὁσημέραι]
1682 2630 1766 2673 ‹5015-

251 2698 349 2729 μεραι
364 2684 407 2716 Α.
519 2687 537 2714 y
558 2680 576 2724 ἡ
596 2681 729 2714 addidit
750 2680 933 2715 Dobraeus.
1046 2687 1063 2707 Ζ
1087 2681 1135 2728 οἳ]
1157 2680 1221 2716 οἶοι
1236 2683 1383 2717 A.k.r.S.
1495 2687 1514 2707 a
1532 2682 1667 2716 ἀντεῖπε
1685 2688 1777 2728 post·

251 2737 342 2780 ἔχειν
362 2736 437 2768 A.v.
584 2730 603 2758 b
624 2733 679 2777 ἐφ’
702 2734 778 2776 ὑμῖν
798 2746 866 2767 0111.
888 2735 998 2769 A.k.s.
1162 2743 1178 2761 (ἴ
1200 2735 1275 2769 ἐστὶ
1295 2735 1412 2781 νόμος]
1438 2736 1538 2779 νόμος
1557 2735 1631 2769 ἐστὶ
1652 2735 1766 2770 A.k.s.

253 2785 273 2813 d
292 2786 572 2833 χειροτονήσητε]
597 2788 812 2832 χειροτονῆτε
834 2788 901 2820 S.r.
987 2793 1002 2812 e
1036 2787 1233 2833 ἀπέδειξαν]
1257 2788 1431 2821 ἀπέδωκαν
1449 2802 1504 2833 γρ.
1528 2788 1564 2822 S.
1654 2785 1669 2812 f
1686 2789 1748 2821 σκέ

253 2841 408 2887 ψασθαι]
434 2840 614 2885 σκέψασθε
636 2852 697 2874 s.V.
834 2845 855 2872 g
874 2841 1034 2886 καθιεῖτε]
1058 2841 1201 2875 καθίειτε
1223 2843 1257 2874 δ.
1288 2841 1421 2884 καθίητε
1440 2853 1469 2876 r.
1500 2841 1668 2875 καθεδεῖτε
1689 2841 1764 2875 F.v.

686 2889 748 2914 σθαι

253 2926 438 2960 καθεδεῖται
457 2928 529 2961 A.s.
564 2926 749 2960 καθεδεῖται
768 2926 803 2959 k.
843 2927 1043 2961 καθεδιεῖται
1061 2942 1116 2973 γρ.
1138 2928 1174 2962 k.
1331 2923 1350 2950 h
1378 2928 1491 2974 χρόνῳ
1509 2925 1635 2973 τούτῳ]
1657 2925 1767 2974 τούτῳ

252 2981 365 3026 χρόνῳ
382 2991 413 3013 v.
525 2979 535 3012 i
553 2977 793 3024 βουλομένοις]
816 2981 1077 3023 βουλευομένοις
1098 2980 1142 3015 O.
