1954 3273
33 200 115 242 -7
120 202 189 243 54,
207 205 258 232 ω.
626 195 770 234 ΚΑΤΑ
800 195 1204 234 ΤῐΜοΚΡΑΤοΤΣ.
1593 197 1676 239 787

801 314 817 334 ⁰
831 304 896 369 μὴ
931 306 1238 374 εἶσφεροντας
1278 310 1469 369 μᾶλλον
1503 309 1676 359 ἀδικεῖν

158 306 314 372 φῆσαι
350 304 458 359 τοὺς
490 304 550 356 τὰ
587 307 764 357 ἑαυτῶν

66 385 188 454 197ἢ
221 386 328 441 τοὺς
364 387 424 438 τὰ
455 387 586 439 κοινὰ
621 389 1001 457 ὑφαιρουμένους.
1041 390 1164 442 τίνος
1198 390 1279 440 οὖν
1305 390 1432 453 ἕνεκ’,
1458 387 1495 440 ὦ
1521 390 1670 454 Τιμό-

159 493 325 537 κρατες
364 474 439 522 καὶ
464 473 764 537 Ἀνδροτίων,
791 474 906 522 ἐτῶν
932 472 1081 523 ὅντων
1105 472 1338 523 πλειόνων
1363 471 1392 537 ἢ
1428 472 1773 538 τριάκοντα754

159 555 239 622 ἀφ’
269 554 323 605 οὗ
358 554 383 605 ὅ
421 577 474 620 γε
509 552 687 621 ᾱὲτερος
720 557 847 616 ὑμῶν
885 556 1193 618 πολιτεύεται,
1228 559 1304 606 καὶ
1342 558 1390 606 ἐν
1425 556 1575 625 τούτῳ
1610 561 1676 625 τῷ

158 636 312 707 χρόνῳ
338 643 536 689 πολλῶν
554 637 639 702 μὲν
660 644 946 705 στρατηγῶν
967 638 1253 703 ἠδικηκότων
1272 638 1358 704 τὴν
1377 638 1533 702 πόλιν,
1554 648 1676 691 πολ-

159 725 259 771 λῶν
296 721 344 771 δὲ
374 720 599 787 ῥητόρων,
627 722 669 772 οἳ
703 721 834 787 παρὰ
866 725 1107 774 ετουτοισὶ
1144 723 1387 789 κε’κρινται,
1415 721 1480 773 ῶν
1513 727 1554 774 οἱ
1591 723 1676 787 μὲν

158 808 380 855 τεθνᾶσιν
420 806 492 873 ἐφ’
534 804 601 859 οἷς
639 806 839 869 ἠδίκουν,
884 810 924 856 οἱ
970 809 1011 856 δ’
1055 806 1449 873 ὑποχωρήσαντες
1495 807 1705 876 ᾤχοντοε

508 888 701 951 ἷαὺτῶν,
729 889 913 944 οὐδενὸς
950 889 1142 940 πώποτε
1178 889 1395 940 ἕτούτων
1434 890 1676 958 ἐξητάσθη

159 888 469 953 καταγνόντες

160 971 419 1038 κατήγορος
458 974 587 1035 ὑμῶν
627 973 876 1038 οὐδέτερος,
922 974 1014 1023 οὐδ’
1057 975 1336 1037 ἀγανακτῶν
1377 973 1516 1041 ὤφθη
1563 974 1677 1040 ὑπὲρ

160 1052 224 1103 ὧν
260 1055 287 1117 ἡ
327 1053 468 1108 πόλις
506 1053 740 1122 1’πάσχοα
783 1057 892 1104 ἀλλ’
923 1057 1101 1106 ἐνταῦθ’
1130 1054 1326 1122 ἐφάνηθ’
1368 1056 1498 1118 ἡμῶν
1534 1055 1672 1119 κηδό-

69 1147 146 1199 198
159 1160 301 1201 μενοι,
329 1138 382 1188 οὗ
409 1138 621 1192 πολλοὺς
654 1139 742 1189 ἔδει
781 1143 932 1191 κακῶς
969 1142 1166 1201 ποιῆσαι
1190 1161 1201 1200 ;
1245 1139 1497 1200 βούλεσθε,
1525 1137 1561 1188 ὦ
1589 1139 1671 1188 ἅν-

160 1224 263 1286 δρες
291 1225 546 1285 Ἀθηναῖοι,
574 1221 627 1273 τὸ
653 1222 832 1272 τούτων
857 1222 1003 1272 α’ίτιον
1030 1222 1121 1287 ἐγὼ
1149 1224 1256 1286 ὑμῖν
1282 1223 1395 1273 ε’ίπω
1418 1245 1430 1284 3
1477 1222 1546 1272 ὅτι
1572 1222 1677 1273 τού-
1694 1243 1730 1264 ¹0

160 1327 255 1355 των
281 1303 382 1368 ἰμὲν
407 1305 685 1372 μετέχουσιν
710 1304 775 1356 ῶν
801 1307 1042 1356 ἀδικοῦσιν
1068 1308 1185 1369 ὑμᾶς
1223 1305 1355 1367 τινὲς,
1383 1304 1476 1356 ἀπὸ
1505 1305 1552 1356 δὲ
1585 1310 1679 1355 τῶν

160 1390 569 1454 εἰσπραττομένων
608 1389 627 1416 ¹³
647 1391 963 1457 ὑφαιροῦνται·
1004 1391 1058 1440 δι’
1096 1390 1370 1452 ἀπληστίαν
1406 1389 1454 1439 δὲ
1490 1388 1679 1454 τρόπων

160 1471 345 1539 διχόθεν
386 1478 671 1538 καρποῦνται
715 1472 800 1536 τὴν
842 1471 998 1524 πόλιν.
1039 1474 1143 1523 οὔτε
1184 1472 1277 1538 γὰρ
1318 1475 1433 1540 ῥᾷον
1477 1477 1678 1525 πολλοῖς

159 1559 234 1606 καὶ
279 1554 289 1581 ¹
307 1555 450 1621 μικρὰ
491 1558 734 1607 ἀδικοῦσιν
778 1555 1129 1623 ἀπεχθάνεσθαι
1173 1554 1202 1618 ἦ
1249 1557 1426 1619 ὀλίγοις
1472 1556 1547 1605 καὶ
1590 1577 1672 1618 με·
1695 1574 1729 1604 ¹5

159 1638 304 1704 γάλα,
344 1641 448 1690 οὔτε
493 1640 862 1705 δημοτικώτερον
913 1638 1062 1703 δήπου
1106 1638 1165 1689 τὰ
1201 1643 1295 1688 τῶν
1339 1642 1541 1689 πολλῶν
1583 1640 1680 1688 ἀδι-

161 1721 332 1786 κήμαθ’
360 1724 473 1788 ὁρᾶν
500 1722 528 1786 ὴ
560 1723 620 1773 τὰ
646 1728 740 1773 τῶν
766 1724 956 1787 ὀλίγων.
1002 1721 1132 1772 ἀλλὰ
1157 1726 1322 1772 mrofir’
1352 1721 1497 1771 α’ίτιον
1525 1720 1680 1785 Ποὺγὼ

71 1807 303 1871 199λέγω.
350 1809 422 1857 δεῖ
453 1808 608 1857 τοίνυν
649 1809 766 1869 ὑμᾶς
805 1812 953 1857 ταῦτα
986 1805 1353 1870 Ολογιζομένους,
1390 1808 1465 1854 καὶ
1497 1826 1673 1867 μεμνη-

161 1888 328 1952 μένους
371 1886 436 1938 ὧν
480 1887 538 1939 ἂν
583 1889 782 1942 ἕκαστος
833 1888 1032 1954 ἁμάρτῃ,
1078 1887 1303 1951 κολάζειν,
1344 1887 1456 1937 ὅταν
1500 1886 1686 1950 λάβητέ
1694 1909 1733 1929 20

161 1995 277 2033 τινα,
306 1974 380 2022 καὶ
418 1971 483 2035 μὴ
515 1972 597 2022 τὸν
631 1971 816 2039 χρόνον,
852 1974 888 2021 εὶ
923 1970 1073 2023 πολύς
1110 1972 1210 2020 ἐστ’
1238 1972 1319 2021 ἀπ’
1348 1970 1529 2031 ἐκείνου,
1557 1992 1677 2019 σκο-

162 2060 278 2117 πεῖν,
300 2057 408 2105 ἀλλ’
438 2060 475 2106 εἰ
501 2056 655 2106 Ρταῦτ’
684 2056 883 2106 ἐποίουν.
941 2056 1001 2106 ὡς
1041 2058 1078 2104 εὶ
1119 2060 1201 2104 νῦν
1236 2053 1398 2119 πράως
1437 2054 1577 2104 οἴσετ’
1606 2054 1679 2121 ἐφ’

164 2139 231 2192 οἷς
269 2138 363 2189 τότ’
392 2140 706 2204 ἠγανακτεῖτε,
741 2137 889 2206 δόξετ’
920 2136 1207 2204 ὀργιζόμενοι
1246 2137 1584 2201 κατεγνωκέναι
1623 2135 1682 2186 τὰ

69 2251 152 2283 200
163 2221 383 2289 χρήματα
420 2222 610 2284 τούτων,
644 2223 726 2272 οὐκ
762 2220 1066 2284 ἀδικούμενοι.
1111 2224 1205 2270 τῶν
1241 2219 1327 2282 μὲν
1364 2219 1456 2285 γὰρ
1492 2220 1677 2285 ὀργιζο-

163 2305 315 2369 μένων
340 2307 471 2356 ἐστὶν
497 2305 640 2373 ὀξέως
675 2327 719 2355 τι
751 2304 893 2355 κακὸν
921 2303 1003 2354 τὸν
1030 2302 1731 2369 λελυπηκότ’ᾞέργάσασθαι,25

164 2393 258 2442 τῶν
295 2387 344 2439 δὲ
382 2387 706 2451 ἀδικουμένων,
745 2386 857 2438 ὅταν
885 2390 994 2437 ποθ’
1022 2387 1136 2452 Υὺφ’
1173 2387 1328 2439 αὑτοῖς
1367 2385 1562 2446 λάβωσι
1600 2385 1682 2436 τὸν

220 2572 236 2592 ⁰
255 2566 300 2610 μὴ
321 2578 390 2599 om.
411 2578 439 2599 r.
589 2561 608 2589 d
628 2563 757 2609 ἕτερος]
783 2565 912 2608 ἑταῖρος
931 2564 1122 2598 A.Y.k.r.s.
1266 2569 1282 2588 θ
1302 2564 1474 2608 τουτοισὶ]
1500 2561 1632 2597 τούτοις
1653 2575 1680 2596 1'.

166 2619 328 2654 τουτουσὶ
350 2619 388 2652 F.
536 2619 546 2643 ¹
566 2617 675 2651 αὑτῶν
697 2617 733 2650 S.
765 2618 891 2650 ἑαυτῶν
909 2617 1027 2662 vulgo.
1176 2622 1197 2650 g
1217 2615 1345 2650 τούτων
1365 2628 1434 2650 om.
1456 2617 1491 2649 k.
1513 2616 1549 2649 in
1570 2628 1679 2661 marg.

167 2673 274 2706 habet
293 2673 335 2705 A.
419 2667 435 2691 *¹
455 2671 587 2715 πάσχοι
608 2670 802 2704 Bekkerus.
832 2670 961 2714 πάσχει
983 2670 1096 2703 F.S.v.
1129 2670 1329 2715 Legebatur
1348 2670 1510 2712 ἔπασχεν.
1595 2665 1682 2711 ἰμὲν

168 2737 237 2761 om.
258 2725 292 2758 k.
324 2723 389 2767 μὴν
409 2723 448 2757 οὐ
469 2722 512 2757 Ο.
651 2720 668 2744 k
691 2723 913 2766 ὑφαιροῦνται
935 2722 1207 2758 F.Y.O.k.l·.s.v.
1250 2722 1449 2767 Legebatur
1469 2721 1677 2765 ὑφῃροῦντο.

168 2777 175 2800 ¹
196 2779 298 2822 μικρὰ
318 2776 492 2809 Reiskius.
522 2776 605 2809 κατὰ
624 2776 724 2819 μικρὰ
744 2775 891 2809 codices.
922 2775 963 2808 τὰ
980 2776 1081 2820 μικρὰ
1100 2776 1218 2821 vulgo.
1319 2780 1348 2798 m
1368 2773 1477 2819 τοῦτ’]
1503 2772 1632 2806 τούτων
1650 2785 1679 2806 r.

169 2836 188 2855 1²
209 2830 300 2874 οὑγὼ
321 2829 404 2864 RS.
448 2828 514 2874 ἐγὼ
534 2841 564 2862 v.
604 2827 621 2861 ὃ
642 2828 708 2873 ἐγὼ
728 2828 845 2873 vulgo.
1003 2833 1021 2853 ⁰
1048 2828 1288 2873 λογιζομένους
1308 2827 1398 2860 A.B.
1421 2827 1477 2867 (de
1498 2838 1568 2871 quo
1587 2831 1680 2859 tacet

168 2882 347 2917 Reiskiusx
370 2881 642 2916 F.Y.O.k.r.s.v.
673 2880 873 2926 Legebatur
891 2881 1150 2925 λογισαμένους.
1287 2887 1307 2915 Ρ
1326 2878 1437 2924 ταῦτ’]
1458 2877 1583 2912 τοιαῦτ’
1605 2878 1677 2912 Rv.

168 2941 188 2968 q
207 2934 437 2980 ἐργάσασθαι]
462 2934 639 2979 εἰργάσθαι
660 2934 698 2970 F.
799 2940 812 2959 Γ
832 2931 891 2976 ὑφ’
911 2933 1024 2968 αὑτοῖς
1044 2945 1164 2979 margo
1184 2933 1266 2970 edit.
1290 2931 1397 2966 Paris.
1418 2943 1449 2965 a.
1477 2938 1589 2977 1570.
1623 2929 1678 2963 ὑπ’

167 2988 282 3027 αὐτοῖς
299 2987 388 3024 libri.
