1954 3273
46 183 158 228 -75
169 187 182 214 ¹
192 206 202 223 ν
217 191 250 215 ³·
645 178 787 217 ΚΑΤΑ
818 176 1221 217 ΤΙΜΟΚΡΑΤΟΎΣ.
1609 170 1693 212 ’783

79 293 156 348 183
246 289 370 339 οΚαὶ
394 292 584 355 πρῶτον
607 287 706 352 μὲν,
732 289 806 357 ἐφ’
830 286 868 357 ᾧ
892 286 1120 352 μέγιστον
1145 288 1322 354 φρονεῖ,
1346 282 1432 347 τὴν
1457 287 1551 333 τῶν
1576 304 1692 350 χρη-

167 369 330 432 μάτων
355 370 606 439 εἴσπραξιν
631 371 928 440 ἐξετάσωμεν
954 372 1111 433 αὐτοῦ,
1136 368 1195 433 ἣν
1227 364 1346 432 μετὰ
1375 366 1572 418 Ρτούτου
1605 371 1689 416 τοῦ

166 460 380 520 χρηστοῦ
415 453 596 507 πάντας
626 454 905 523 εἰσέπραξεν
937 456 1067 518 ὑμᾶς.
1120 450 1451 515 αἰτιασάμενος
1476 448 1569 516 γὰρ
1597 450 1719 506 Εὐ-,ς

166 536 377 601 κτήμονα
420 536 504 590 τὰς
551 537 772 603 ὑμετέρας
817 537 938 604 ἔχειν
981 536 1224 605 εἰσφορὰς,
1263 537 1339 586 καὶ
1383 535 1504 584 τοῦτ’
1546 532 1683 601 ‘lege-

167 620 355 688 λε’γξειν
387 619 415 684 ὴ
446 621 555 685 παρ’
585 621 749 670 ἑαυτοῦ
784 619 1069 684 καταθήσειν
1104 618 1442 685 ὑποσχόμενος,
1475 615 1681 667 καταλύ-

166 726 259 756 σας
288 704 571 771 ψηφίσματι
598 702 870 769 Υκληρωτὴν
901 703 1051 770 ἀρχὴν
1085 705 1159 754 ἐπὶ
1197 706 1254 769 τῇ
1290 700 1530 769 προφάσει
1569 699 1681 750 ταύ-

165 809 223 853 τῃ
260 788 334 837 ἐπὶ
374 785 460 850 τὴν
498 786 748 854 εἴσπραξιν
789 786 980 853 παρέδυ,
1019 789 1094 837 καὶ
1138 792 1305 837 τοῦτον
1343 783 1685 850 ς’προίιβάλεί-ο,
1704 809 1741 830 10

165 869 307 921 εἰπὼν
326 869 412 933 τὴν
437 876 520 920 τοῦ
546 870 769 932 σώματος
789 871 1073 936 ἀρρωστίαν,
1097 871 1169 931 ἵν’,
1192 870 1297 938 ἔφη,
1319 871 1560 934 συνδιοικῇ
1586 890 1682 930 μοι.

73 953 488 1019 184ῗδημηγοριάν
534 957 575 1004 δ’
615 955 689 1005 ε’πὶ
735 954 915 1008 τούτοις
958 955 1245 1017 ποιούμενος,
1291 956 1353 1006 ὡς
1397 952 1500 1002 ἔστι
1544 955 1686 1016 τριῶν

163 1037 390 1102 “αἵρεσις,
428 1035 459 1100 ἢ
497 1036 556 1087 τὰ
594 1042 802 1100 πομπεῖα
846 1036 1154 1088 κατακόπτειν
1191 1036 1220 1100 ἢ
1263 1035 1411 1087 πάλιν
1453 1034 1686 1103 εἰσφέρειν

160 1119 189 1184 ἢ
252 1119 360 1174 τοὺς
423 1121 704 1189 ὀφείλοντας
774 1120 1084 1186 εἰσπράττειν,
1147 1119 1431 1186 αἱρουμένων
1499 1118 1684 1171 εἰκότως

160 1206 289 1267 ὑμῶν
345 1203 452 1258 τοὺς
511 1205 794 1272 ὀφείλοντας
857 1203 1168 1270 εἰσπράττειν,
1226 1208 1325 1256 ταῖς
1388 1202 1684 1268 ὑποσχέσεσι
1703 1225 1736 1256 ¹5

161 1287 399 1354 Χκατέχων
434 1290 509 1338 καὶ
545 1287 621 1338 διὰ
657 1286 740 1338 τὸν
778 1286 940 1353 καιρὸν
965 1286 1042 1341 Ῡὸς
1072 1286 1130 1350 ἧν
1155 1285 1250 1337 τότ’
1279 1286 1399 1353 ἔχων
1424 1285 1685 1354 Ζἐξουσίαν,

159 1376 255 1424 τοῖς
286 1371 370 1433 μὲν
405 1371 624 1434 κειμένοις
652 1370 811 1434 νόμοις
837 1373 968 1437 3περὶ
994 1370 1172 1422 τούτων
1199 1372 1282 1421 οὐκ
1308 1369 1424 1439 ᾤετο
1450 1372 1544 1420 δεῖν
1569 1373 1685 1436 χρῆ-

160 1459 277 1506 σθαι
312 1456 420 1517 οὐδ’,
454 1459 491 1505 εἰ
525 1454 591 1519 μὴ
618 1453 835 1508 1)του’τους
872 1454 1074 1521 ἐνόμιζεν
1113 1453 1308 1517 ἱκανοὺς,
1346 1453 1525 1519 ἑτέρους
1562 1453 1683 1504 τιθέ-

69 1549 146 1603 185
162 1561 250 1601 ναι,
288 1539 587 1607 ψηφίσματα
631 1542 672 1589 δ’
714 1537 837 1590 εἶπεν
882 1540 931 1589 ἐν
976 1540 1083 1602 ὑμῖν
1129 1538 1254 1589 δεινὰ
1298 1540 1373 1589 καὶ
1416 1537 1681 1603 παράνομα,
1696 1561 1736 1582 20

161 1625 219 1672 δι’
246 1620 310 1671 ὧν
336 1621 609 1687 ἠργολάβει,
636 1627 950 1687 προσαγωγεῖ
980 1622 1131 1691 τούτῳ
1164 1623 1403 1689 χρώμενος
1433 1626 1528 1671 τῶν
1559 1627 1682 1685 λημ-

158 1705 333 1768 μάτων.
381 1701 460 1756 ’καί
494 1705 659 1757 πολλὰ
695 1711 789 1756 τῶν
824 1706 1056 1772 ὑμετέρων
1090 1706 1293 1774 κέκλοφε
1328 1704 1445 1770 μετὰ
1476 1704 1679 1767 οτούτου,

158 1789 355 1857 γράψας
391 1788 498 1842 τοὺς
537 1790 697 1840 ἕνδεκα
742 1792 818 1840 καὶ
862 1789 969 1843 τοὺς
1009 1790 1267 1843 ἀποδέκτας
1305 1792 1379 1840 καὶ
1417 1788 1524 1842 τοὺς
1564 1789 1680 1852 ὑπη-

158 1872 293 1938 ρέτας
332 1874 607 1923 ἀκολουθεῖν
644 1877 747 1935 μεθ’
781 1870 972 1924 ᾱαὺτοῦ.
1034 1871 1111 1923 εἶτ’
1152 1874 1272 1940 ε”χων
1307 1871 1529 1924 εἑτούτους
1566 1870 1679 1936 ἦγεν
1695 1897 1729 1927 25

389 1955 630 2022 ῐὺμετέρας
668 1958 825 2019 οἰκίας,
864 1959 940 2007 καὶ
980 1956 1056 2019 σὺ,
1091 1956 1156 2008 geg
1194 1956 1498 2023 Τιμόκρατες,
1534 1978 1678 2020 συνη-

170 1958 181 1972 2
217 1958 231 1975 X
311 1955 324 1973 Χ

159 1979 233 2007 επι
271 1979 354 2009 τας

67 2053 145 2093 186
161 2039 412 2100 κολούθεις,
439 2038 580 2101 μόνος
607 2044 701 2090 τῶν
721 2040 1058 2108 συναρχόντων
1079 2041 1188 2091 δέκα
1214 2039 1375 2091 ὄντων.
1421 2041 1496 2090 καὶ
1522 2041 1680 2103 μηδεὶς

964 2122 984 2149 h

162 2122 537 2186 ὑπολαμβανέτω
575 2146 633 2187 με
674 2123 828 2188 λέγειν
867 2126 929 2177 ὡς
993 2125 1045 2174 οὐ
1084 2127 1204 2191 χρῆν
1239 2122 1535 2189 εἰσπράττειν
1572 2121 1712 2184 τοὺς7
1721 2146 1769 2186 51

158 2208 450 2275 ὀφείλοντας.
512 2210 633 2273 χρῆν
670 2206 779 2273 γάρ.
835 2206 968 2257 ἀλλὰ
1005 2212 1136 2267 πῶς-ς
1184 2209 1246 2260 ὡς
1289 2208 1314 2256 ὁ
1353 2206 1493 2269 νόμος
1530 2205 1672 2272 ἰοἰγο-

156 2290 288 2357 ρεύει,
328 2295 422 2341 τῶν
460 2292 627 2341 ἄλλων
666 2290 809 2341 ἕνεκα·
855 2296 992 2342 τοῦτο
1030 2290 1123 2357 γάρ
1161 2292 1264 2341 ἐστι
1303 2289 1569 2354 δημοτικόν.
1624 2292 1678 2341 οὐ

212 2479 230 2499 0
251 2474 316 2508 Καὶ
335 2474 686 2519 πρῶτον-δεδέσθαι
703 2475 752 2519 (p.
772 2481 861 2520 752,
880 2474 977 2520 23.)]
1003 2475 1137 2509 Eadem
1156 2474 1228 2508 fere
1248 2474 1415 2519 leguntur
1435 2486 1470 2519 p.
1486 2472 1560 2519 607
1577 2485 1673 2518 seqq.

158 2533 178 2560 P
197 2525 319 2561 τούτου
340 2540 410 2563 om.
427 2528 574 2561 A.Y.r.s.
593 2534 628 2561 et
647 2540 699 2573 pr.
718 2527 799 2561 O.k.
895 2535 913 2563 (1
937 2528 1142 2573 ἐξελέγξειν]
1167 2528 1361 2572 ἐξελέγχειν
1380 2527 1416 2562 k.
1511 2533 1526 2553 1·
1545 2527 1674 2571 κληρω-

159 2580 236 2625 τὴν]
261 2580 386 2625 κλήρωι
405 2581 465 2624 τὴν
485 2580 684 2615 F.Y.O.r.s.
811 2585 825 2604 S
845 2581 1080 2626 προύβάλετο]
1104 2581 1348 2626 προύβάλλετο
1369 2579 1414 2614 Ο.
1537 2578 1551 2603 t
1570 2579 1674 2622 δημη-

156 2634 276 2678 γορίαν
297 2634 332 2667 S.
363 2634 566 2679 δημηγορίας
585 2634 691 2679 vulgo
711 2638 746 2667 et
765 2645 800 2679 p.
815 2632 904 2668 608.
995 2639 1016 2658 ¹1
1035 2633 1164 2679 αἵρεσις
1186 2634 1291 2667 S.k.s.
1325 2633 1525 2678 Legebatur
1543 2630 1674 2675 αἵρεσις

158 2686 261 2729 ὑμῶν.
366 2692 386 2710 Χ
407 2686 572 2732 κατέχων]
598 2688 767 2730 κατέσχον
787 2692 962 2720 correctus
983 2686 1028 2720 Ο.
1132 2693 1151 2720 Y
1170 2685 1207 2722 ὃς
1226 2685 1281 2731 ἦν]
1307 2685 1392 2727 ὅσην
1412 2686 1486 2719 F.v.
1507 2690 1542 2718 et
1561 2697 1613 2730 pr.
1637 2684 1671 2718 S.

158 2745 172 2761 Ζ
193 2739 371 2785 ἐξουσίαν]
395 2740 455 2783 τὴν
475 2740 634 2783 ἐξουσίαν
653 2739 888 2774 A.Y.O.k.r.s.
977 2745 997 2764 a
1014 2741 1092 2786 περὶ
1111 2739 1240 2774 τούτων
1260 2751 1329 2773 om.
1347 2739 1385 2771 F.
1470 2734 1489 2762 b
1509 2736 1668 2783 τούτους]

156 2791 288 2827 τούτοις
308 2793 343 2826 k.
485 2798 501 2817 ⁰
520 2792 658 2838 τούτου]
683 2794 785 2825 τοῦτο
805 2798 981 2827 correctus
1004 2793 1039 2827 S.
1181 2791 1200 2817 ‘1
1219 2792 1323 2826 αὑτοῦ
1345 2792 1381 2825 S.
1414 2792 1533 2824 ἑαυτοῦ
1553 2791 1671 2835 vulgo.

157 2850 173 2869 θ
193 2843 350 2890 τούτους]
374 2846 537 2879 τουτουσὶ
558 2845 872 2881 F.S.Y.O.k.r.s.v.
976 2843 991 2870 f
1007 2845 1185 2892 ὑμετέρας]
1209 2844 1371 2889 ἡμετέρας
1389 2856 1416 2878 r.
1515 2848 1535 2876 g
1555 2840 1581 2877 (3
1600 2855 1670 2877 om.

155 2898 267 2932 A.k.s.
385 2895 405 2923 h
425 2899 464 2933 οὐ
483 2899 587 2946 χρῆν]
612 2899 651 2932 οὐ
669 2898 735 2944 χρὴ
755 2910 787 2932 ν.
898 2895 908 2923 i
928 2898 1100 2946 ἀγορεύει]
1123 2897 1251 2933 κελεύει
1272 2897 1349 2932 F.v.
1372 2897 1467 2942 quod
1485 2896 1614 2942 legitur
1632 2908 1666 2942 p.

156 2949 245 2991 608,
264 2961 325 2986 22.
1206 2968 1209 2969 ⁷

215 3027 304 3052 ¹501„
330 3026 380 3053 11.
874 3027 898 3052 R
921 3027 941 3052 1⁸
