1954 3273
38 190 195 236 —500,
217 197 267 224 19.
675 183 818 220 ΠΡΟΣ
849 182 1159 219 AEHTINHN.
1594 179 1679 219 527

158 293 348 358 γνώμης
387 295 413 344 ὁ
451 300 589 345 τοῦτο
622 294 885 346 πεπονθώς.
929 290 1027 343 εἶτα
1062 315 1137 342 και
1174 291 1284 342 Ῑούδ
1321 292 1450 341 ἐστιν
1492 291 1676 354 ὄνειδος,

160 401 269 429 οτου
290 377 591 444 Ῑπορρωτερω
618 380 747 428 ἐστιν
773 376 829 441 Κὴ
855 375 1029 430 πόλις1
1036 377 1166 440 ημῶν
1192 375 1220 440 ἦ
1248 381 1331 425 τοῦ
1359 374 1566 443 φθονερὰ
1593 379 1707 425 δο-2
1694 393 1728 423 -5

70 479 147 531 156
161 467 256 514 κεῖν
282 460 408 524 εἰναι,
436 462 696 513 ΙΙΙὁιποὶντων
723 460 969 528 ἀπεχουσα
995 465 1088 511 τῶν
1115 464 1344 527 αἰσχρων.
1388 459 1611 525 τεκμήρια
1638 462 1674 510 δ’

160 546 301 609 ἡλίκα
338 545 504 596 τούτου
542 544 828 611 θεωρήσατε.
870 547 1060 610 πρῶτον
1112 542 1225 606 “μὲν
1257 542 1391 606 μόνοι
1429 547 1523 593 τῶν
1561 541 1678 593 ποίν-

159 653 253 680 των
297 630 559 696 ἀνθρώπων
604 630 678 680 ἐπὶ
724 634 820 681 τοῖς
863 626 1183 691 τελευτήσασι
1234 628 1465 695 Οδημοσίᾳ
1509 633 1679 679 ποιεῖτε

160 713 333 778 λόγους
369 715 654 782 ἐπιταφίους,
682 714 729 763 ἐν
765 712 831 766 οἷς
870 716 1114 775 Ρκοσμεῖτε
1151 710 1211 761 τὰ
1242 716 1336 762 τῶν
1371 713 1565 776 ἀγαθῶν
1591 714 1673 762 ἀν·
1691 724 1775 767 500

158 800 282 863 δρῶν
319 798 448 864 ἔργα.
489 799 636 848 καίτοι
675 799 799 848 τοῦτ’
845 797 948 847 ε”στι
994 795 1047 847 τὸ
1092 796 1372 860 ἐπιτήδευμα
1413 796 1678 863 ζηλούντων

159 881 341 948 ἀρετὴν,
382 883 435 932 οὐ
469 887 564 935 τοῖς
605 884 678 933 ἐπὶ
723 881 868 949 ταύτῃ
907 881 1182 944 τιμωμένοις
1219 880 1535 949 φθονούντων.
1580 880 1678 932 εἶτα

158 966 387 1030 μεγίστας
426 967 576 1016 δίδοτε
613 967 663 1016 ἐκ
691 963 867 1018 παντὸς
905 971 987 1015 τοῦ
1021 964 1195 1031 χρόνου
1230 964 1403 1030 δωρεὰς
1441 970 1536 1018 τοῖς
1570 965 1677 1019 τοὺς

158 1050 408 1114 γυμνικοὺς
452 1055 675 1101 ᾳνικῶσιν
716 1052 902 1114 ἀγῶνας
945 1048 1053 1103 τοὺς
1103 1050 1404 1116 στεφανίτας,
1449 1051 1524 1100 καὶ
1575 1051 1704 1116 οὐχ,5

158 1133 229 1184 ὅτι
260 1138 318 1202 τῇ
355 1134 498 1202 φύσει
529 1137 707 1185 τούτων
741 1135 945 1198 Υὀλίγοις
984 1133 1216 1197 με’τεστιν,
1242 1132 1541 1199 ἐφθονήσατε
1580 1138 1676 1187 τοῖς

158 1218 360 1285 ἔχουσιν,
403 1220 496 1269 οὐδ’
545 1219 768 1272 ἐλάττους
813 1220 1017 1282 ἐνείματε
1066 1217 1150 1271 τὰς
1199 1217 1336 1281 τιμὰς
1387 1217 1463 1268 διὰ
1511 1223 1671 1268 ταῦτα.

67 1329 143 1371 ¹57
157 1301 275 1368 πρὸς
310 1301 359 1353 δὲ
384 1302 563 1355 τούτοις
602 1302 825 1356 τοιούτοις
850 1303 984 1352 οὖσιν
1011 1303 1155 1355 οὐδεὶς
1193 1302 1383 1352 πώποτε
1420 1301 1506 1365 τὴν
1531 1301 1674 1352 πόλιν

155 1387 286 1450 ἡμῶν
321 1387 370 1437 εὖ
407 1391 554 1437 ποιῶν
590 1388 718 1437 δοκεῖ
750 1389 949 1449 νικῆσαι·
990 1384 1224 1438 τοσαύτας
1267 1384 1533 1450 ὑπερβολὰς
1578 1390 1672 1436 τῶν
1688 1411 1726 1433 10

154 1473 353 1536 δωρεῶν,
398 1469 470 1523 αἶς
521 1470 640 1520 5ἀντ’
688 1470 736 1520 εὖ
785 1473 919 1531 ποιεῖ,
971 1469 1305 1536 ἴπαρέσχηται.
1365 1469 1468 1519 ἔστι
1517 1470 1673 1520 τοίνυν

154 1553 336 1606 ”miuron
380 1556 522 1616 ταῦτ’,
562 1552 598 1604 ῶ
638 1555 800 1619 ἄνδρες
838 1555 1094 1618 Ἀθηναῖοι,
1135 1552 1444 1616 δικαιοσύνης,
1492 1555 1671 1619 ἀρετῆς,

67 1656 143 1710 158
156 1638 518 1706 μεγαλοψυχίας
555 1638 873 1702 ἐπιδείγματα.
915 1636 980 1700 μὴ
1017 1637 1171 1687 τοίνυν
1206 1637 1261 1687 δι’
1291 1632 1322 1685 ἃ
1352 1634 1503 1686 πάλαι
1541 1635 1672 1702 παρὰ

156 1719 311 1771 πάντα
347 1719 430 1771 τὸν
468 1720 639 1787 χρόνον
672 1722 699 1784 ἡ
731 1719 870 1773 πόλις
905 1720 1119 1787 Χεύδοξεῖ,
1146 1720 1272 1770 ταῦτ’
1306 1718 1527 1782 Ῡάνέλητε
1566 1725 1664 1770 νῦν·
1687 1745 1720 1777 15

157 1805 262 1867 μηδ’
291 1805 366 1854 ἵνα
393 1806 624 1867 Λεπτίνης
664 1805 755 1872 ἰδίᾳ
789 1808 928 1866 τισὶν,
961 1803 1028 1857 οἷς
1063 1806 1214 1868 ἀηδῶς
1253 1803 1384 1870 Ζέχει,
1416 1803 1669 1871 ἐπηρεάσῃ,

158 1890 239 1950 τῆς
279 1888 463 1942 πόλεως
504 1888 776 1957 Εάφέλησθε
816 1890 890 1937 καὶ
931 1889 1058 1948 ὑμῶν
1099 1888 1251 1937 αὐτῶν
1285 1886 1342 1951 ἣν
1381 1886 1455 1937 διὰ
1494 1888 1670 1942 παντὸς

156 1973 224 2021 ἀεὶ
258 1977 340 2021 τοῦ
378 1970 549 2038 χρόνου
584 1972 729 2040 δόξαν
765 1971 993 2035 κέκτησθε
1032 1971 1200 2034 καλήν·
1243 1972 1348 2034 μηδ’
1379 1973 1664 2035 ὑπολαμβά-

155 2056 242 2105 νετ’
271 2053 383 2105 εἶναι
422 2054 504 2105 τὸν
541 2058 702 2121 ἀγῶνα
736 2054 869 2106 τόνδε
906 2055 1020 2121 ὑπὲρ
1056 2054 1210 2106 ἄλλου
1244 2054 1367 2109 τινὸς
1403 2054 1432 2119 ὴ
1468 2062 1550 2107 τοῦ
1587 2060 1669 2120 τῆς

208 2176 218 2203 i
247 2179 317 2213 οὐδ’
339 2180 455 2215 S.O.r.
486 2182 545 2215 οὐκ
564 2182 674 2216 A.k‚s.
705 2182 802 2215 οὐδέν
822 2182 939 2228 vulgo.
1092 2178 1104 2214 j
1134 2181 1355 2227 πορρωτέρω]
1388 2183 1604 2227 πορρώτερον
1629 2183 1665 2218 S.

156 2233 393 2267 Antiatticista
411 2235 448 2268 in
469 2235 621 2269 Bekkeri
640 2236 772 2269 Anecd.
796 2248 829 2281 p.
850 2246 864 2268 1
881 2246 935 2279 14,
956 2245 1012 2280 14.
1035 2236 1249 2279 πορρώτερον
1270 2236 1321 2268 καὶ
1341 2237 1566 2281 πορρωτε’ρω;
1600 2242 1666 2279 Δη-

152 2287 320 2329 μοσθένης
340 2287 375 2320 ἐν
394 2291 440 2335 τῷ
458 2289 540 2322 κατὰ
560 2287 737 2323 Λεπτίνου.
809 2285 829 2312 k
850 2288 868 2331 ἡ
889 2290 990 2323 πόλις
1009 2287 1116 2333 ἡμῶν]
1142 2288 1234 2331 ἡμῶν
1254 2288 1271 2332 ἡ
1292 2288 1393 2323 πόλις
1415 2290 1449 2322 S.
1521 2286 1530 2313 l
1551 2289 1661 2335 ἡμῶν]

154 2340 244 2382 ὑμῶν
262 2341 375 2374 A.k,S.
500 2347 531 2365 m
551 2341 705 2375 ἁπάντων
727 2342 860 2377 S.Y.O.
892 2342 1092 2387 Legebatur
1112 2342 1255 2375 πάντων.
1380 2348 1400 2366 Π
1419 2341 1496 2387 μὲν]
1521 2343 1582 2386 μὲν
1600 2344 1666 2388 γὰρ

153 2392 255 2426 F.t.v.
385 2398 402 2417 0
423 2394 570 2439 δημοσίᾳ
590 2397 716 2428 ποιεῖτε
735 2397 862 2441 λόγους
883 2395 1091 2429 Schaeferus.
1123 2395 1268 2439 δημοσίᾳ
1289 2396 1341 2428 καὶ
1360 2397 1433 2431 ταῖς
1451 2397 1576 2440 ταφαῖς
1595 2399 1668 2431 ταῖς

152 2445 330 2488 δημοσίαις
348 2449 475 2480 ποιεῖτε
494 2450 619 2493 λόγους
642 2448 803 2483 S.Y.O,r.
839 2449 985 2492 δημοσίᾳ
1005 2449 1117 2492 ταφὰς
1136 2450 1262 2481 ποιεῖτε
1283 2450 1336 2482 καὶ
1355 2451 1480 2494 λόγους
1501 2451 1572 2483 A.s.
1607 2465 1667 2483 τα-

151 2499 221 2542 φὰς
239 2501 365 2533 ποιεῖτε
384 2501 529 2545 δημοσίᾳ
551 2503 603 2535 καὶ
621 2504 747 2547 λόγους
765 2503 800 2536 k.
838 2502 985 2546 δημοσίᾳ
1014 2502 1126 2545 ταφὰς
1154 2502 1308 2535 ποιεῖσθε
1333 2503 1384 2536 καὶ
1404 2504 1530 2547 λόγους
1549 2517 1604 2548 γρ.
1627 2503 1665 2536 F.

152 2553 448 2597 quemadmodum
478 2555 582 2588 etiam
614 2556 649 2589 S.
670 2556 706 2589 in
726 2571 782 2601 γρ.
804 2568 824 2588 a
842 2568 890 2589 m.
914 2567 980 2589 sec.
1011 2556 1128 2595 habet,
1149 2555 1215 2589 nisi
1241 2556 1335 2600 quod
1363 2556 1476 2601 primo
1498 2556 1668 2602 seriptum

150 2605 322 2639 ποιεῖσθαι
341 2606 377 2639 in
396 2608 550 2642 ποιεῖσθε
576 2615 752 2643 mutatum
776 2614 840 2643 est.
882 2609 1029 2653 δημοσίᾳ
1057 2610 1117 2643 τὰς
1146 2609 1257 2653 ταφὰς
1285 2609 1440 2642 ποιεῖσθε
1469 2610 1522 2642 καὶ
1541 2611 1667 2654 λόγους

152 2658 257 2692 F.t.v.
399 2668 416 2695 Ρ
436 2661 610 2708 κοσμεῖτε]
636 2664 811 2704 κοσμεῖται
833 2663 868 2695 S.
890 2662 925 2695 iu
946 2674 1015 2707 quo
1035 2662 1153 2695 codice
1173 2662 1439 2696 terminationes
1459 2677 1491 2695 αι
1512 2669 1546 2696 et
1567 2677 1581 2695 ε
1602 2675 1667 2696 sae-

151 2711 293 2757 pissime
313 2718 395 2746 sunt
415 2714 579 2749 confusae.
691 2722 709 2748 q
731 2720 866 2749 νικῶσιν
885 2714 1032 2761 ἀγῶνας]
1058 2714 1188 2760 ἀγῶνας
1208 2719 1325 2749 νικῶσι
1347 2716 1448 2749 F.t.v.
1560 2721 1574 2739 Γ
1595 2715 1667 2748 ὀλί-

151 2779 226 2810 γοις
245 2766 423 2812 μέτεστιν]
448 2768 607 2810 μέτεστιν
627 2768 758 2814 ὀλίγοις
777 2768 900 2803 Y.O.r.
1059 2774 1073 2792 S
1094 2767 1164 2801 ἀντ’
1185 2767 1221 2801 εὖ
1250 2769 1356 2814 ποιεῖ]
1390 2769 1431 2801 In
1459 2768 1555 2801 libris
1584 2780 1666 2802 con-

148 2817 299 2862 junctim
329 2819 498 2865 seriptum
526 2821 726 2862 ἀντευποιεῖ,
747 2823 815 2856 nisi
845 2822 939 2867 quod
967 2821 1037 2855 ἄντ’
1059 2820 1095 2855 εὖ
1123 2824 1203 2864 ποιῇ
1232 2834 1260 2855 s.
1390 2822 1403 2845 t
1431 2821 1662 2866 παρέσχηται]

150 2872 338 2916 παρέχηται
366 2884 393 2905 r.
548 2880 569 2898 U
597 2875 706 2908 πάντα
734 2875 845 2920 ταῦτ’]
875 2874 1007 2909 ἅπαντα
1033 2874 1124 2908 ταῦτ’
1154 2876 1260 2909 F.t.v.
1305 2876 1411 2908 ταῦτα
1438 2873 1534 2907 πάντ’
1555 2875 1666 2908 A.k.s.

151 2929 172 2948 Χ
192 2923 339 2970 εὐδοξεῖ]
363 2926 493 2970 εὐδόξει
511 2928 547 2961 k.
569 2934 604 2961 et
623 2941 674 2974 pr.
698 2929 734 2963 S.
785 2929 867 2963 Sine
897 2934 1043 2962 accentu
1062 2929 1105 2962 A.
1261 2934 1280 2961 Υ
1300 2927 1456 2972 ἀνέλητε]
1480 2927 1616 2961 ἀνέλετε
1637 2940 1666 2962 r.

153 2984 169 3002 Ζ
187 2978 258 3022 ἕχει
279 2979 468 3025 ἐπηρεάσῃ]
493 2982 566 3025 ἔχοι
585 2982 767 3026 ε’πηρεάσοι
786 2983 821 3016 k.
934 2988 953 3006 a
970 2981 1168 3027 ἀφελησθε]
1193 2977 1386 3026 ἀφελέσθαι
1406 2982 1478 3014 A.r.

210 3053 304 3079 κστ..
324 3053 375 3080 11.
915 3056 944 3081 H
