1954 3273
90 250 245 293 -704,
264 254 300 285 27
309 269 317 279 .
688 244 826 282 ΚΑΤΑ
859 243 1264 282 ΤΙΜΟΚΡΑΤΟὙΣ.
1650 243 1734 284 ’735

213 352 398 407 πόλεως
451 353 469 380 ¹¹
487 356 697 420 γίγνεται
759 353 818 405 τὰ
867 353 1101 422 χρήματα.
1181 353 1324 405 ἐδόκει
1375 355 1528 405 δίκαια
1578 354 1732 419 λέγειν

152 448 203 488 16
216 438 322 501 ὑμῖν
372 437 568 489 ἅπασιν.
632 437 941 503 ἀναπηδήσας
987 438 1296 504 οἈνδροτίων
1343 440 1419 488 καὶ
1464 438 1732 502 Γλαυκέτης

1007 519 1244 573 Ῐ’σκοπεῖτε
1280 520 1363 571 gib)
1397 522 1552 586 ἀληθῆ
1580 521 1727 589 λέγω)
1746 535 1828 577 704

214 519 318 573 ‘¹va
348 520 649 576 Μελάνωπος
680 523 776 586 (καὶ
803 528 974 573 θταῦτα

213 604 376 668 ε’βόων,
407 604 714 671 ἠγανάκτουν,
750 608 1087 673 ἐλοιδοροῦντο,
1114 605 1320 656 ἀπέλυον
1358 604 1465 658 τοὺς
1503 604 1725 672 τριηράρ-

213 711 337 756 χους,
378 688 528 756 11ε”χειν
567 688 845 755 ὡμολόγουν
889 693 1001 755 παρ’
1042 689 1233 751 ἑαυτοῖς,
1279 688 1427 754 ζητεῖν
1466 688 1628 756 ἠξίουν
1672 687 1732 738 τὰ

211 770 446 838 χρήματα.
507 777 638 824 ταῦτ’
681 771 986 823 ἀκουσάντων
1032 774 1174 835 ὑμῶν,
1228 771 1384 836 ἐπειδή
1435 773 1537 823 ποτ’
1582 771 1760 828 ἐπαύ-5

210 859 351 905 σανθ’
380 856 505 907 οὗτοι
530 860 746 919 βοῶντες,
773 856 913 906 ε”δωκε
939 855 1133 921 γνώμην
1160 854 1421 919 Εὐκτήμων
1447 858 1508 909 ὡς
1535 854 1732 906 δυνατὸν

212 937 552 1005 ἰδικαιοτάτην,
598 942 716 1004 ὑμᾶς
765 939 851 1004 μὲν
901 938 1200 1006 εἰσπράττειν
1251 938 1356 992 τοὺς
1408 939 1730 1006 τριηράρχους,

211 1021 232 1048 k
842 1023 1023 1074 Ῑαὺτῶν
1064 1028 1126 1077 εἰς
1166 1022 1273 1077 τοὺς
1316 1023 1508 1091 ἔχοντας
1551 1025 1730 1092 ἀναφο-

240 1024 425 1077 ἐκείνοις
466 1028 507 1075 δ’
543 1023 656 1075 εἶναι
697 1026 802 1090 περὶ

211 1106 312 1174 ράν·
352 1107 432 1159 ἐὰν
471 1111 511 1159 δ’
544 1109 912 1177 ἀμφισβητῆταί
945 1131 1002 1170 τι,
1042 1112 1190 1159 ποιεῖν
1229 1107 1539 1170 διαδικασίαν,
1566 1107 1649 1158 τὸν
1688 1110 1728 1158 δ’

152 1191 469 1255 ιγήττηθέντα
496 1197 661 1242 τοῦτον
688 1193 895 1261 ὀφείλειν
918 1196 976 1259 τῇ
1006 1191 1156 1243 πόλει.
1196 1199 1225 1217 ¹¹¹
1242 1190 1509 1260 γράφονται
1543 1190 1596 1242 τὸ
1622 1191 1725 1258 ψή-
1744 1215 1783 1238 ιο

212 1279 386 1343 φισμα·
426 1281 489 1329 εἰς
528 1278 645 1340 ὑμᾶς
679 1280 915 1340 εἰσῆλθεν·
961 1277 1036 1327 ἵνα
1080 1277 1311 1340 συντέμω,
1350 1275 1469 1326 κατὰ
1509 1275 1616 1329 τοὺς
1656 1275 1730 1327 νό-

209 1381 325 1421 μους
351 1359 511 1427 ἕδοξεν
536 1362 750 1425 εἰρῆσθαι
777 1362 851 1410 καὶ
871 1359 1127 1429 ἀπέφυγεν.
1168 1361 1368 1410 ἐνταῦθα
1387 1360 1436 1409 τί
1459 1362 1729 1423 προσῆκεν;

209 1441 268 1493 τὰ
305 1443 390 1506 μὲν
432 1444 634 1511 χρήματ’
675 1444 796 1511 ε”χειν
839 1443 925 1507 τὴν
964 1442 1122 1505 πόλιν,
1167 1442 1249 1493 τὸν
1296 1444 1333 1492 δ’
1376 1444 1732 1509 ἀποστεροῦντα

209 1526 435 1592 κολάζειν·
479 1527 623 1590 νόμου
657 1531 697 1578 δ’
726 1529 860 1578 “οὐδ’
890 1529 1043 1578 ὁτιοῦν
1078 1525 1262 1580 οὐδενὸς
1302 1526 1452 1591 δήπου
1489 1527 1724 1592 προσέδει.
1744 1551 1780 1584 15

208 1611 344 1678 μέχρι
371 1610 456 1675 μὲν
483 1610 540 1676 δὴ
565 1611 742 1662 τούτων
768 1611 899 1662 οὐδὲν
924 1611 1141 1676 ἠδίκησθ’
1164 1609 1254 1662 ὑπὸ
1276 1610 1598 1677 Τιμοκράτους
1625 1633 1731 1661 του-

209 1696 324 1746 τουί.
380 1694 498 1756 μετὰ
544 1700 692 1745 ταῦτα
737 1693 785 1745 δὲ
831 1693 1003 1746 ‘'mim-⁹
1045 1693 1296 1762 ἀνεδέξατο
1337 1696 1408 1762 ἐφ’
1456 1693 1620 1744 ἑαυτὸν
1671 1694 1730 1746 τὰ

209 1780 533 1844 προειρημένα,
560 1781 636 1829 καὶ
661 1777 818 1830 πάντα
844 1778 1107 1842 ἠδικημένοι
1134 1777 1401 1846 φανήσεσθ’
1433 1777 1522 1828 ὑπὸ
1547 1778 1726 1829 τούτου·

208 1869 310 1917 ταῖς
344 1863 436 1930 γὰρ
475 1865 657 1914 ἐκείνων
694 1863 877 1930 τέχναις
915 1865 990 1914 καὶ
1024 1863 1330 1928 πανουργίαις
1367 1862 1619 1925 μισθώσας
1646 1865 1727 1913 αὑ-
1740 1892 1782 1915 20

209 1945 293 1998 τὸν
330 1950 405 1997 καὶ
438 1947 705 2014 παρασχὼν
731 1947 965 2012 ὑπηρέτην
1002 1949 1077 2015 ἐφ’
1108 1947 1249 1997 αὑτὸν
1276 1947 1426 2012 ἤγαγε
1465 1946 1722 2011 τάδικήμα-

148 2050 283 2094 ιὸτα,
326 2034 388 2085 ὡς
428 2031 520 2097 ἐγὼ
564 2036 737 2100 σαφῶς
779 2033 885 2095 ὑμῖν
927 2031 1156 2099 ἐπιδείξω.
1219 2029 1401 2096 ἀνάγκη
1446 2029 1494 2082 δὲ
1538 2036 1727 2097 πρῶτον

209 2117 510 2179 Ρὺπομνῆσαι
548 2115 655 2169 τοὺς
693 2115 890 2182 χρόνους
927 2117 1046 2177 ὑμᾶς
1077 2117 1152 2165 καὶ
1178 2113 1261 2165 τὸν
1288 2124 1305 2151 ‘¹
1318 2114 1478 2181 καιρὸν
1504 2115 1552 2165 ἐν
1580 2113 1616 2182 ᾦ
1652 2117 1721 2166 τί-

209 2203 324 2263 θησι
361 2198 443 2249 τὸν
470 2197 626 2261 νόμον·
667 2201 742 2249 καὶ
777 2197 869 2264 γὰρ
906 2200 1190 2264 ὑβριστικῶς
1227 2197 1727 2265 Γπροσεκκεχλευακὼς

209 2284 328 2346 ὑμᾶς
363 2280 640 2351 φανήσεται.
680 2280 738 2345 ἦν
763 2281 848 2346 μὲν
881 2281 974 2348 γὰρ
1006 2281 1325 2349 σκιροφοριὼν
1351 2281 1443 2345 μὴν
1477 2284 1525 2332 ἐν
1567 2281 1603 2351 ᾧ
1641 2282 1723 2336 τὰς
1736 2310 1774 2343 ²5

208 2365 398 2434 γραφὰς
437 2365 668 2430 8ἥττηντο
707 2368 868 2417 ἐκεῖνοι
901 2365 985 2419 τὰς
1020 2365 1140 2416 κατὰ
1174 2372 1257 2417 τοῦ
1289 2365 1601 2430 Εὐκτήμονος,
1641 2389 1721 2429 μι-

208 2448 514 2512 σθωσάμενοι
540 2448 588 2500 δὲ
621 2455 788 2500 τοῦτον
819 2452 895 2500 καὶ
930 2449 1032 2500 οὐδὲ
1068 2450 1523 2516 1ῑπαρεσκευασμένοι
1557 2449 1616 2500 τὰ
1651 2450 1720 2501 δί-

1635 2573 1650 2596 ‘¹
1670 2576 1723 2609 καὶ

1234 2543 1240 2554 ι

261 2568 282 2597 b
300 2572 470 2618 γίγνεται]
496 2573 624 2618 ἐγίνετο
644 2574 754 2607 A.k.s.
879 2580 895 2599 0
913 2573 1134 2620 Ἀνδροτίων]
1159 2577 1177 2608 ὁ
1197 2575 1380 2622 ἀνδροτίων
1398 2576 1513 2610 A.k.S.

208 2626 419 2661 Μελάνωπος
438 2638 508 2661 om.
530 2627 612 2661 F.S.
750 2632 766 2651 e
785 2627 907 2673 ταῦτα]
931 2629 1029 2662 ταυτὶ
1050 2629 1212 2664 S.Y.O.r.
1350 2626 1365 2653 f
1383 2629 1558 2674 σκοπεῖτε]
1582 2629 1720 2662 ἐπισκο-

1450 2691 1500 2718 γρ.
1513 2678 1721 2715 δικαιοτάτην.

207 2721 303 2753 πεῖτε
321 2722 364 2754 Α.
476 2727 495 2755 g
513 2719 569 2767 ἂν]
596 2722 652 2755 ἐὰν
671 2722 785 2757 A.k.s.
915 2719 936 2747 h
956 2723 1062 2768 ἔχειν]
1088 2724 1147 2758 οὐκ
1167 2725 1256 2768 ἔχειν
1278 2725 1321 2759 Ο.
1446 2722 1454 2750 i
1475 2725 1673 2769 δικροτάτην
1691 2737 1721 2758 r.

209 2769 229 2797 k
260 2773 413 2819 ἐκείνοις]
447 2774 592 2809 ἐκείνους
610 2776 751 2808 A.k.r.s.
907 2772 916 2799 Ῑ
936 2776 1065 2823 αὐτῶν]
1099 2777 1210 2812 αὑτῶν
1230 2778 1346 2813 O.k.S.
1397 2778 1565 2823 Spiritum
1586 2789 1655 2811 om.
1676 2779 1719 2812 A.

208 2831 239 2850 m
257 2827 466 2872 γράφονται]
490 2828 634 2873 γράφων
653 2842 689 2861 τε
711 2828 821 2862 A.k.r.
850 2829 993 2874 γράφων
1013 2829 1049 2863 δέ
1069 2842 1094 2864 s.
1193 2837 1212 2855 Π
1233 2831 1304 2865 οὐδ’
1324 2832 1438 2864 ὁτιοῦν
1458 2831 1593 2865 οὐδενὸς
1614 2829 1721 2873 δήπου

206 2879 385 2925 προσέδει]
416 2881 551 2915 οὐδενὸς
575 2879 645 2914 οὐδ’
665 2882 778 2914 ὁτιοῦν
804 2881 968 2926 προσέδει
992 2881 1099 2925 δήπου
1119 2896 1151 2918 v.
1307 2889 1325 2908 0
1351 2883 1466 2929 πάντ’]
1500 2883 1609 2917 πάντα
1633 2882 1665 2928 γ’
1686 2895 1718 2918 v.

206 2936 226 2964 P
247 2932 439 2976 ὑπομνῆσαι
459 2934 538 2968 τοὺς
557 2935 699 2978 χρόνους
717 2934 801 2977 ὑμεῖς
821 2934 874 2967 καὶ
893 2946 962 2968 om.
985 2948 1011 2968 s.
1028 2936 1064 2969 in
1086 2934 1241 2983 margine
1256 2938 1362 2971 habet
1382 2938 1416 2972 k.
1545 2942 1564 2969 q
1585 2936 1716 2982 καιρὸν]

205 2986 321 3030 καιρὸν
358 2985 463 3020 εἰπεῖν
490 2987 601 3021 A.k.s.
754 2994 767 3012 1'
796 2990 1156 3036 προσεκκεχλευακὼς]
1192 2990 1498 3035 προσκεχλευακὼς
1526 2989 1718 3026 A.O.k.1·.S.

207 3041 222 3061 S
242 3037 401 3084 ἥττηντο]
426 3039 568 3083 ἤττοντο
589 3039 632 3074 Ο.
743 3041 756 3066 t
775 3043 1105 3088 παρεσκευασμένοι]
1130 3044 1472 3088 παρασκευασάμενοι
1490 3042 1702 3078 A.Y.O.k.8.

265 3113 362 3141 vm„
386 3115 434 3140 11.
960 3117 983 3142 L
1004 3101 1018 3142 l
