1954 3273
952 434 1057 482 ΚΓ.

518 593 740 645 ΚΑΤΑ
796 593 1488 645 ΑΡΙΣΤΟΚΡΑΤΟΤΣ.

886 862 1124 892 ΥΠΟΘΕΣῙΣ.

299 950 492 995 Χαρίδημον
522 952 581 985 τὸν
607 951 773 997 Ὠρείτην,
803 952 990 998 ἡγούμενον
1020 954 1151 997 ξενικοῦ
1181 953 1235 985 καὶ
1264 952 1523 996 στρατηγοῦντα
1552 951 1642 995 παρὰ
1674 955 1760 996 Κερ-

244 1013 424 1056 σοβλέπτῃ
453 1016 501 1060 τῷ
530 1013 662 1058 Θρᾴκης
688 1016 840 1056 βασιλεῖ,
869 1013 1015 1058 πολίτην
1045 1016 1149 1060 σφῶν
1177 1015 1286 1048 αὐτῶν
1315 1013 1513 1057 δ’Ἀθηναῖοι
1545 1013 1761 1057 ἐποιήσαντο,

242 1076 286 1110 τὰ
317 1076 379 1117 μὲν
410 1079 577 1122 γεγονότα
609 1077 780 1124 χρήσιμον
812 1079 938 1121 αὐτοῖς,
972 1080 1014 1113 τὰ
1047 1079 1083 1112 δέ
1115 1078 1374 1123 προσδοκῶντες
1411 1078 1459 1111 ἔτι
1496 1079 1630 1121 μᾶλλον
1661 1077 1791 1122 γενή-5

243 1138 381 1172 σεσθαι.
419 1140 497 1185 περὶ
521 1139 645 1173 τούτου
671 1140 844 1185 ψήφισμα
869 1141 1023 1186 ἔγραψεν
1044 1140 1310 1185 Ἀριστοκράτης
1333 1139 1367 1172 ἐν
1390 1141 1430 1181 τῇ
1455 1140 1566 1181 βουλῇ
1590 1141 1758 1172 τοιοῦτον·

243 1201 302 1235 ἐάν
339 1216 390 1236 τις
428 1201 606 1246 ἀποκτείνῃ
644 1204 848 1249 Χαρίδημον,
886 1204 1057 1250 ἀγώγιμος
1102 1204 1193 1237 ἕστω
1235 1202 1272 1247 ἐξ
1309 1202 1442 1246 ἁπάσης
1481 1203 1540 1245 τῆς
1577 1201 1762 1245 Ἀθηναίων

244 1265 471 1309 συμμαχίδος·
513 1265 570 1299 ἐὰν
604 1266 642 1300 δέ
679 1281 729 1302 τις
766 1267 826 1300 τὸν
857 1267 1023 1313 ἀγόμενον
1055 1266 1225 1311 ἀφέληται
1258 1265 1276 1309 ἦ
1310 1262 1442 1301 1’πόλις
1473 1265 1492 1309 ἢ
1527 1266 1672 1308 ἰδιώτης,
1707 1266 1759 1299 ἕκ-
1779 1275 1816 1297 Ιο

244 1329 396 1363 σπονδος
417 1328 519 1362 ἔστω.
552 1328 676 1362 τούτου
695 1331 873 1375 κατηγορεῖ
892 1332 953 1363 τοῦ
973 1329 1204 1374 ψηφίσματος
1223 1329 1410 1372 Εὐθυκλῆς,
1432 1331 1504 1376 0τῲ
1525 1329 1763 1372 Δημοσθένους

242 1393 338 1439 λόγῳ
367 1389 583 1437 (Ῑχρώμενος,
614 1393 666 1426 καὶ
694 1394 784 1437 φησὶ
811 1397 946 1438 πρῶτον
975 1394 1036 1437 μὲν
1065 1394 1288 1439 θπαράνομον
1316 1390 1399 1426 εἶναι
1428 1394 1468 1426 τὸ
1497 1392 1680 1437 ψήφισμα,
1711 1392 1763 1426 ὅτι

244 1454 356 1500 κρίσιν
388 1455 517 1500 ἀναιρεῖ
553 1456 605 1489 καὶ
643 1455 854 1501 δικαστήρια,
889 1457 942 1490 καὶ
979 1457 1039 1500 τὴν
1074 1457 1235 1502 τιμωρίαν
1272 1456 1338 1490 ἀπὸ
1376 1457 1434 1499 τῆς
1471 1457 1578 1491 αἰτίας
1612 1449 1858 1503 γεγραμ-6Ι9

242 1517 346 1562 μένην
381 1519 466 1563 ἕχει,
501 1518 659 1564 δεύτερον
692 1520 728 1553 δὲ
765 1520 810 1563 μὴ
845 1519 1036 1565 συμφέρειν
1069 1521 1140 1555 τοῖς
1171 1518 1358 1563 Ἀθηναίοις
1395 1518 1553 1562 τοιαύτην
1582 1519 1764 1567 Χαριδήμῳ

243 1581 359 1615 δοῦναι
384 1582 521 1626 δωρεάν·
551 1582 746 1626 ἀπολοῦμεν
770 1584 848 1628 γὰρ,
870 1580 996 1627 ί’φησὴ
1017 1583 1071 1617 διὰ
1095 1581 1251 1626 ἕταῦτης
1273 1584 1500 1627 Χερρόνησον.
1540 1584 1579 1616 τὸ
1606 1584 1642 1617 δέ
1671 1583 1763 1618 ὅπως

244 1645 263 1677 ὁ
281 1646 387 1690 λόγος
405 1645 520 1689 δείξει.
559 1646 706 1689 ἐξετάζει
726 1643 747 1670 h
760 1646 795 1680 δέ
816 1648 868 1680 καὶ
891 1646 950 1690 τὴν
974 1648 1035 1679 τοῦ
1059 1647 1250 1692 προσώπου
1274 1647 1450 1689 ποιότητα,
1471 1645 1582 1692 λέγων
1600 1647 1660 1680 οὐκ
1679 1643 1762 1681 εἶναι
1775 1651 1792 1682 5

244 1708 379 1754 δωρεῶν
397 1709 493 1754 ἄξιον
511 1710 570 1743 τὸν
589 1710 794 1755 Χαρίδημον,
815 1710 870 1744 καὶ
887 1711 992 1743 ταῦτα
1011 1707 1204 1744 ἰτοιούτων.

803 1790 944 1818 ΕΤΕΡΑ
971 1789 1207 1820 ΥΠΟΘΕΣῙΣ.

297 1845 342 1880 ‘H
372 1849 502 1887 Εὔβοια
529 1847 589 1890 μία
618 1848 722 1891 νῆσος
747 1848 946 1894 καταντικρὺ
972 1850 1031 1891 τῆς
1055 1848 1221 1892 Ἀττικῆς,
1247 1848 1410 1893 διήκουσα
1436 1850 1491 1884 διὰ
1518 1851 1577 1893 τῆς
1603 1849 1762 1886 Βοιωτίας
1780 1861 1818 1882 ῐο

246 1909 300 1943 καὶ
335 1911 394 1953 τῆς
430 1910 578 1945 Φωκίδος
615 1912 716 1956 μέχρι
752 1913 820 1944 τῶν
855 1912 1024 1956 Ἀφετῶν·
1066 1911 1211 1957 Ἀφεταὶ
1249 1913 1285 1946 δέ
1322 1914 1382 1956 τῆς
1420 1913 1609 1948 Θετταλίας
1645 1915 1763 1949 τόπος.

245 1970 347 2016 ἰ’σμεν
376 1972 413 2006 δέ
444 1972 496 2006 ὅτι
526 1973 634 2018 χωρία
667 1974 784 2007 πολλὰ
815 1971 904 2018 εἶχεν
935 1974 953 2017 ἡ
985 1977 1124 2015 Εὔβοια.
1167 1976 1244 2009 ἔστι
1274 1976 1311 2010 δὲ
1345 1976 1380 2009 ἐν
1408 1979 1449 2019 τῇ
1480 1976 1608 2020 Εὐβοίᾳ
1641 1976 1767 2021 χωρίον

246 2032 376 2080 Ὠρεός·
405 2037 465 2069 τοῦ
488 2034 609 2081 Ὠρεοῦ
629 2037 665 2070 δὲ
685 2038 703 2070 ὁ
727 2035 870 2080 πολίτης
888 2036 1053 2084 Ὠρείτης.
1090 2037 1243 2084 Ὠρείτης
1264 2038 1323 2072 οῦν
1344 2053 1395 2074 τις
1414 2040 1606 2084 Χαρίδημος
1625 2040 1766 2085 ξεναγὸς

246 2097 287 2141 ἦν
314 2101 382 2132 τῶν
410 2098 605 2143 Ἀθηναίων.
651 2102 790 2146 ξεναγὸς
819 2101 857 2134 δέ
888 2102 995 2141 ἐστιν,
1026 2101 1082 2135 ὅτε
1114 2117 1166 2137 τις
1198 2103 1394 2148 στράτευμα
1424 2104 1528 2147 ξένων
1560 2103 1644 2147 ὑπέρ
1673 2114 1789 2138 τινοςι
1797 2113 1814 2143 5

246 2160 358 2195 ἄλλου
386 2163 517 2206 τρέφει.
561 2163 616 2196 διὰ
643 2166 744 2197 τοῦτο
772 2162 831 2197 οὖν
861 2165 914 2197 καὶ
945 2164 1042 2200 οὗτος
1071 2165 1215 2210 ἐλέγετο
1243 2166 1395 2211 ξεναγὸς,
1427 2165 1542 2209 ἐπειδὴ
1571 2167 1765 2210 στράτευμα

248 2226 352 2269 ξένων
380 2227 524 2270 ἔτρεφεν
557 2227 642 2271 ὑπὲρ
673 2228 869 2271 συμμαχίας
901 2231 968 2261 τῶν
997 2227 1193 2271 Ἀθηναίων.
1238 2227 1278 2271 ἦν
1306 2227 1365 2262 οὖν
1394 2231 1462 2262 τῶν
1493 2230 1554 2272 μὲν
1581 2228 1766 2273 Ἀθηναίων

248 2288 400 2333 ξεναγὸς,
421 2290 575 2333 γαμβρὸς
599 2289 636 2323 δέ
661 2291 790 2324 Κότυος
815 2293 876 2323 τοῦ
901 2293 968 2324 τῶν
993 2294 1133 2336 Θρᾳκῶν
1157 2293 1330 2331 βασιλέως
1358 2292 1410 2325 καὶ
1439 2293 1643 2337 στρατηγός.
1683 2294 1702 2325 ὁ
1728 2292 1764 2326 δὲ

248 2353 359 2386 Κότυς
383 2353 559 2397 παρέλαβέ
586 2366 669 2385 ποτε
697 2353 758 2396 τὴν
783 2352 1000 2398 Χερρόνησον
1025 2355 1085 2397 τὴν
1110 2354 1294 2398 Ἀθηναίων
1320 2353 1439 2389 οὖσαν.
1479 2356 1532 2388 καὶ
1557 2355 1763 2399 τελευτήσας
1777 2366 1818 2388 20

248 2416 408 2448 κατέλιπε
434 2416 494 2458 τῆς
521 2416 701 2456 βασιλείας
726 2417 887 2461 διάδοχον
913 2417 1194 2462 Κερσοβλέπτην,
1222 2419 1251 2452 εἶ
1278 2420 1360 2462 μετά
1388 2433 1489 2452 τινων
1514 2417 1586 2460 δύο,
1615 2420 1763 2464 Βηρισά-

248 2477 310 2511 δου
336 2477 389 2510 καὶ
414 2476 614 2521 Ἀμαδόκου,
642 2478 702 2521 τὴν
726 2477 910 2519 βασιλείαν
936 2480 1126 2524 μερίσαιτο.
1166 2477 1236 2524 εἶχε
1262 2481 1297 2514 δὲ
1325 2481 1519 2525 στρατηγὸν
1544 2481 1562 2513 ὁ
1589 2481 1650 2523 μὲν
1678 2486 1764 2525 Κερ-

249 2541 448 2584 σοβλέπτης
482 2541 526 2576 ὡς
558 2544 706 2588 συγγενῆ
740 2544 800 2577 τὸν
832 2544 1036 2588 Χαρίδημον,
1068 2545 1086 2577 ὁ
1119 2544 1155 2577 δέ
1189 2545 1378 2589 Βηρισάδης
1411 2544 1485 2577 τινὰ
1517 2543 1760 2589 Ἀθηνόδωρον,
1776 2555 1814 2586 ‘25

247 2602 423 2647 Ἀθηναῖον
448 2603 568 2649 φύσει,
594 2604 839 2648 Ἀλωπεκῆθεν·
869 2607 887 2639 ὁ
913 2607 950 2640 δὲ
975 2605 1160 2650 Ἀμάδοκος
1185 2605 1254 2641 δύω
1282 2607 1494 2653 στρατηγοὺς
1523 2604 1606 2651 εἶχε,
1633 2605 1765 2650 Σίμωνα

303 2743 323 2762 Β
341 2736 528 2785 Ἀθηναῖοι]
552 2739 583 2771 οἱ
603 2738 752 2781 ἀθηναῖοι
774 2740 899 2774 B.Y.k.
1023 2738 1043 2766 b
1063 2740 1179 2787 πόλις]
1203 2742 1345 2783 πολίτης
1366 2742 1479 2776 F.k.V.
1595 2746 1611 2766 ⁰
1630 2743 1677 2787 τῷ
1694 2747 1761 2784 Δη-

248 2790 453 2836 μοσθένους]
478 2793 539 2824 τοῦ
559 2791 790 2834 δημοσθένους
811 2793 894 2826 RY.
1026 2790 1045 2817 d
1064 2795 1236 2838 χρώμενος
1256 2794 1380 2827 F.Y.k.
1409 2794 1624 2839 χρησάμενος
1642 2794 1761 2839 vulgo.

249 2847 265 2866 ὓ
285 2843 480 2887 παράνομον
508 2840 590 2877 εἶναι
619 2844 658 2876 τὸ
684 2843 855 2889 ψήφισμα
882 2846 1006 2880 F.Y.k.
1050 2843 1132 2879 εἶναι
1161 2847 1201 2879 τὸ
1227 2847 1398 2891 ψήφισμα
1426 2846 1620 2891 παράνομον
1644 2846 1762 2891 vulgo.

249 2892 264 2919 f
281 2895 371 2938 φησὶ
390 2895 547 2930 additum
568 2907 609 2929 ex
631 2896 708 2929 F.k.
832 2903 852 2930 g
872 2897 1010 2944 ταύτης]
1036 2897 1161 2942 ταύτην
1180 2899 1215 2933 k.
1326 2895 1346 2923 h
1365 2899 1401 2932 δὲ
1422 2899 1475 2932 καὶ
1493 2897 1570 2944 τὴν]
1595 2898 1631 2932 δὲ
1650 2898 1711 2941 τὴν
1729 2909 1762 2932 v.

250 2944 261 2973 i
280 2946 458 2994 τοιούτων]
482 2950 637 2983 τοιοῦτον
655 2947 736 2983 ὅντα
755 2949 789 2982 k.
