1954 3273
53 163 204 207 —592,
219 167 251 195 e.
634 160 777 197 ΚΑΤΑ
812 160 1222 197 ΑΝΔΡΟΤΙΩΝΟΣ.
1606 154 1683 197 621

170 269 376 314 πεντήκοντα
400 272 528 305 πολλοὶ
547 270 635 315 ἦσαν
654 272 701 307 εἷς
725 272 764 305 τὸ
784 271 900 316 ἶίρχειν
928 270 1007 314 ἅμα,
1029 273 1092 305 0οἱ
1121 270 1199 305 δέκα
1225 271 1307 304 κατὰ
1336 271 1461 315 κλῆρον
1480 269 1590 312 Ρμίαν
1609 270 1688 313 ἡμέ-
1705 279 1740 308 15

169 347 231 378 ραν
260 337 327 367 τῶν
356 335 453 373 ἑπτὰ,
484 335 607 378 ὁμοίως
637 336 673 369 δέ
700 334 843 370 ἕκαστος
870 338 937 368 τῶν
968 335 1085 368 ἄλλων
1114 334 1180 368 ἀπὸ
1210 333 1337 378 κλήρου
1368 332 1451 379 ἧρχε
1481 334 1542 377 τὴν
1570 334 1690 367 ἑαυτοῦ

170 397 306 442 ἡμέραν,
337 397 437 444 ι’ίχρις
469 398 508 432 οὗ
537 399 767 444 πληρωθῶσιν
797 400 830 433 αἱ
862 399 947 432 ἑπτὰ
980 398 1108 444 ἡμέραι.
1152 399 1204 432 καὶ
1231 399 1408 437 συνέβαινε
1442 399 1512 432 τοῖς
1543 397 1690 441 ἄρχουσι

168 462 257 506 τρεῖς
286 461 330 504 μὴ
361 461 488 506 ἅρχειν.
527 462 669 497 ἕκαστος
704 463 741 496 δέ
771 462 885 507 ι’ίρχων
916 462 951 496 ἐν
980 465 1039 506 μιᾷ
1074 462 1178 507 ἡμέρᾳ
1210 462 1363 495 ἐκαλεῖτο
1399 461 1593 505 ἐπιστάτης.
1634 462 1689 494 διὰ
1702 468 1741 489 20

167 525 200 558 τί
228 525 264 559 δέ
292 523 371 569 μίαν
395 527 500 570 μόνην
526 525 650 572 ἧρχενς
682 526 796 569 ἐπειδὴ
819 526 920 560 αὐτὸς
944 527 1004 560 τὰς
1030 528 1120 561 κλεῖς
1147 528 1206 568 τῆς
1234 525 1452 570 ἀκροπόλεως
1474 523 1686 565 ἐπιστεύετο,

165 589 217 623 καὶ
247 589 357 623 πάντα
382 590 423 623 τὰ
447 589 603 635 χρήματα
631 591 689 633 τῆς
717 591 861 624 πόλεως.
893 588 933 623 ἵν’
957 588 1016 623 οὖν
1042 590 1086 633 μὴ
1119 590 1247 634 ἐρασθῇ
1270 589 1477 634 τυραννίδος,
1508 589 1562 622 διὰ
1587 591 1689 622 τοῦτο

164 653 243 698 μίαν
269 653 393 699 ἡμέραν
419 654 555 688 ἐποίουν
580 654 682 688 αὐτὸν
712 654 823 699 ἄρξαι.
855 654 970 687 ἰστέον
997 653 1025 687 δ’
1050 653 1102 687 ὅτι
1129 654 1161 686 οἱ
1186 654 1247 693 μὲν
1272 651 1477 696 πεντήκοντα
1505 653 1687 686 ἐκαλοῦντο

164 718 353 763 πρυτάνεις,
377 719 408 751 οἶ
433 718 470 752 δὲ
489 719 568 752 δέκα
590 719 761 764 πρόεδροι,
783 720 801 752 ὁ
827 719 863 752 δέ
890 716 936 753 εἷς
962 719 1158 762 ἐπιστάτης.
1187 720 1342 762 μετιτέον
1369 718 1406 751 δέ
1433 717 1487 751 ε’πὶ
1513 719 1574 760 τὴν
1601 716 1683 751 ὑπό·
1698 726 1736 756 25

163 782 260 816 θεσιν
277 784 339 815 τοῦ
358 783 579 827 προκειμένου
598 784 716 829 λόγου.

207 845 313 880 ”Eoos
338 844 377 888 ἧν
396 846 457 888 τὴν
474 846 606 890 βουλὴν
625 850 692 880 τῶν
711 847 945 881 πεντακοσίων
964 847 1212 890 λαμβάνουσαν
1230 845 1388 891 χρήματα
1407 845 1474 879 ἀπὸ
1494 848 1555 879 τοῦ
1576 845 1684 889 δήμου

160 909 272 945 καινὰς
296 908 441 955 τριήρεις
468 912 588 945 ποιεῖν.
620 912 720 954 νόμος
746 911 782 945 δέ
810 910 848 954 ἧν
874 911 935 954 τὴν
959 911 1091 954 βουλὴν
1113 910 1174 954 τὴν
1204 910 1355 954 δόξασαν
1380 912 1428 956 τῷ
1453 909 1547 956 δήμῳ
1575 911 1684 945 καλῶς

158 974 420 1015 βεβουλευκέναι
440 975 711 1019 στεφανοῦσθαι.
742 973 825 1019 αὕτη
846 974 905 1008 οὖν
924 975 942 1019 ἡ
962 975 1085 1018 βουλὴ,
1108 975 1183 1019 περὶ
1206 973 1243 1018 ἧς
1269 975 1286 1006 ὁ
1314 975 1429 1019 λόγος,
1451 975 1613 1013 λαβοῦσα
1641 974 1682 1006 τὰ
1693 977 1774 1018 591

158 1037 314 1084 χρήματα
334 1038 369 1072 ἐκ
396 1041 456 1072 τοῦ
477 1038 583 1084 δήμου
603 1040 663 1075 τὰς
681 1039 827 1085 τριήρεις
853 1040 913 1073 οὐκ
939 1039 1112 1082 ἐποίησεν,
1135 1039 1242 1072 ε’δόκει
1269 1036 1297 1071 δ’
1319 1038 1366 1072 εἷς
1395 1038 1436 1070 τὰ
1456 1037 1548 1070 ἅλλα
1574 1038 1682 1071 πάντα

158 1104 268 1137 καλῶς
292 1104 569 1144 βεβουλευκέναι.
600 1105 618 1136 ὁ
645 1106 728 1149 γοῦν
755 1103 958 1148 Ἀνδροτίων
983 1104 1001 1135 ὁ
1029 1102 1155 1148 ῥήτωρ,
1177 1103 1375 1147 προστάτης
1402 1100 1447 1134 ὢν
1473 1100 1596 1144 ταύτης
1622 1103 1710 1145 τῆς5

157 1167 297 1209 βουλῆς,
328 1167 462 1212 ἔγραψε
484 1166 657 1212 ψήφισμα
687 1167 945 1211 στεφανωθῆναι
978 1167 1038 1210 τὴν
1062 1165 1205 1209 βουλήν.
1237 1164 1360 1198 τούτου
1391 1165 1590 1205 (Ιέλάβοντο
1619 1168 1681 1199 τοῦ

158 1229 387 1274 ψηφίσματος
419 1230 463 1265 ὡς
489 1231 690 1275 παρανόμως
715 1231 908 1276 γραφέντος
937 1229 1121 1273 Εὐκτήμων
1147 1229 1200 1262 καὶ
1231 1227 1414 1273 Διόδωρος,
1442 1229 1559 1273 ἐχθροὶ
1585 1227 1681 1263 ὅντες

157 1295 217 1326 τοῦ
242 1291 493 1338 Ἀνδροτίωνος.
523 1295 619 1327 ἔστιν
644 1292 703 1326 οὖν
728 1293 746 1337 ἡ
776 1294 901 1328 στάσις
924 1292 1137 1339 πραγματικὴ
1168 1293 1354 1337 ἔγγραφος,
1384 1292 1569 1337 ἐπίσκεψις
1593 1294 1676 1336 μέλ-

155 1358 278 1393 λοντος
305 1359 445 1403 χρόνου,
468 1358 496 1391 εἶ
522 1358 572 1392 δεῖ
596 1358 675 1391 τόδε
703 1359 844 1400 ποιῆσαι
864 1357 882 1401 ἢ
903 1358 932 1391 εἷ
951 1358 1003 1391 δεῖ
1023 1358 1101 1390 τόδε
1127 1358 1241 1390 δοῦναι
1261 1356 1279 1400 ἢ
1299 1356 1356 1400 μή.
1387 1358 1439 1390 καὶ
1459 1357 1571 1400 ἐπειδὴ
1592 1358 1677 1403 πρὸς
1694 1369 1731 1389 10

154 1421 215 1465 τὴν
245 1422 371 1455 στάσιν
400 1424 461 1455 τοῦ
491 1423 600 1467 λόγου
633 1423 872 1465 συμβάλλεται
902 1421 980 1465 ὑμῖν
1010 1423 1049 1455 τὸ
1074 1421 1193 1464 μαθεῖν
1222 1421 1282 1456 τὰς
1315 1421 1573 1467 δικαιολογίας,’
1590 1422 1677 1467 φέρε

153 1487 290 1530 πρῶτον
308 1486 368 1521 τὰς
392 1489 459 1520 τῶν
484 1488 677 1532 κατηγόρων
703 1485 927 1530 ἐξετάσωμεν.
958 1485 1142 1529 Εὐκτήμων
1168 1484 1227 1519 οὖν
1254 1486 1306 1519 καὶ
1331 1486 1503 1531 Διόδωρος
1532 1486 1674 1530 ἐπιλαμ-

152 1548 312 1588 βάνονται
342 1549 424 1582 κατὰ
455 1550 627 1593 τέσσαρας
661 1550 783 1592 νόμους
814 1551 874 1582 τοὺ
908 1549 1150 1594 ψηφίσματος,
1186 1545 1231 1582 <Su
1261 1551 1393 1594 πρῶτός
1425 1549 1533 1589 ἐστιν,
1565 1548 1671 1594 ἀπρο-
1691 1556 1726 1586 15

151 1610 341 1652 βούλευτον
369 1611 542 1657 ’ψήφισμα
569 1613 613 1656 μὴ
642 1613 782 1646 εἰσιέναι
813 1613 848 1646 ἐν
875 1615 923 1660 τῷ
949 1612 1052 1660 δήμῳ.
1095 1613 1209 1657 ἐπειδὴ
1236 1613 1302 1659 γὰρ
1328 1613 1437 1648 πολὺς
1461 1611 1499 1656 ἧν
1527 1614 1545 1646 ὁ
1569 1614 1674 1656 δῆμος

151 1676 204 1709 καὶ
228 1677 394 1712 πολλάκις
420 1676 659 1722 παρεκρούετο,
681 1678 725 1721 μὴ
746 1681 830 1711 νοῶν
853 1677 882 1710 εἰ
907 1678 978 1721 ἕχει
1004 1675 1277 1722 ἐμφωλεύουσαν
1302 1678 1514 1723 κακουργίαν,
1536 1681 1673 1723 πρῶτον

150 1740 389 1785 παρεπέμπετο
413 1741 459 1776 εἷς
484 1742 545 1785 τὴν
568 1742 699 1784 βουλὴν
724 1745 790 1774 τῶν
815 1742 1060 1782 πεντακοσίων,
1083 1743 1135 1775 καὶ
1160 1740 1242 1785 αὕτη
1269 1740 1403 1786 ἠρεὺνα,
1432 1742 1461 1776 εἷ
1487 1743 1558 1787 ἕχει
1582 1743 1670 1783 βλά-

147 1806 213 1848 βην
245 1806 321 1839 τινὰ
352 1805 370 1849 ἢ
405 1806 616 1852 κακουργίαν,
649 1808 702 1840 καὶ
735 1805 841 1841 οὕτως
872 1806 1030 1852 εἰσήγετο
1063 1808 1110 1842 εἰς
1141 1808 1201 1840 τὸν
1231 1808 1347 1850 δῆμον.
1377 1808 1444 1841 ἔδει
1478 1806 1537 1840 οὖν
1567 1807 1669 1841 αὐτὸν
1682 1819 1722 1839 20

147 1873 282 1916 πρῶτον
302 1870 488 1916 εἰσενέγκαι
515 1872 554 1905 τὸ
580 1871 752 1916 ψήφισμα
778 1872 825 1906 εἷς
852 1871 912 1914 τὴν
938 1871 1079 1914 βουλήν.
1111 1872 1170 1904 οὐκ
1199 1870 1372 1916 εἰσήνεγκε
1401 1871 1450 1910 δέ,
1472 1871 1586 1915 ἐπειδὴ
1613 1886 1665 1905 νε-

146 1936 232 1969 ωστὶ
251 1935 386 1981 ἄρξασα
415 1935 454 1979 ἧν
482 1936 500 1979 ἡ
526 1937 649 1980 βουλὴ,
671 1937 724 1969 καὶ
751 1936 914 1981 ἐφοβεῖτο
942 1936 986 1979 μὴ
1015 1936 1224 1980 διαφωνηθῇ·
1255 1936 1397 1970 ἕκαστος
1416 1937 1482 1980 γὰρ
1510 1937 1570 1969 τὸν
1597 1936 1665 1980 πρὸ

145 1998 248 2032 αὐτοῦ
268 1998 361 2032 θέλει
382 1999 490 2044 δεῖξαι
516 2002 621 2034 κακῶς
649 2000 861 2044 1’π’ράξαντα.
892 1998 1047 2045 δεύτερος
1074 2001 1186 2042 νόμος,
1208 1999 1268 2042 τὴν
1286 1999 1418 2042 βουλὴν
1438 1999 1497 2042 τὴν
1516 1998 1662 2042 ποιήσα-
1679 2007 1715 2036 ²5

145 2077 211 2096 σαν
236 2064 296 2099 τὰς
323 2063 469 2109 τριήρεις
499 2064 603 2097 αι’τεῖν
628 2064 688 2107 τὴν
718 2064 856 2108 δωρεάν.
888 2063 1000 2108 τρίτος
1028 2064 1140 2106 νόμος,
1171 2064 1229 2097 τὸν
1258 2063 1458 2108 ἡταιρηκότα
1488 2063 1533 2107 μὴ
1563 2065 1662 2096 πολι-

143 2125 313 2162 τεύεσθαι·
342 2126 545 2173 Ἀνδροτίων
569 2128 644 2173 ἄρα,
674 2126 738 2162 Ξὸς
764 2126 951 2172 ἡταίρηκεν,
980 2128 1040 2160 οὐκ
1066 2126 1194 2171 ὤφειλε
1220 2125 1473 2160 πολιτεύεσθαι.
1504 2125 1666 2171 τέταρτος

145 2192 257 2235 νόμος,
286 2192 346 2225 τὸν
375 2191 605 2236 ε’ποφείλοντα
627 2194 675 2239 τῷ
700 2191 854 2238 δημοσίῳ
882 2191 927 2234 μὴ
960 2189 1217 2225 πολιτεύεσθαι·
1249 2191 1294 2224 σὺ
1321 2191 1370 2230 δέ,
1392 2187 1418 2224 ὦ
1448 2191 1662 2235 Ἀνδροτίων,

143 2254 306 2301 ὀφείλεις·
335 2257 395 2290 οὐκ
424 2257 488 2301 ἷίρα
519 2257 571 2291 δεῖ
602 2271 643 2290 σε
673 2255 930 2290 πολιτεύεσθαι.
964 2254 1108 2299 εἴπωμεν
1140 2256 1175 2289 δέ
1212 2257 1264 2289 καὶ
1294 2256 1355 2290 τὰς
1383 2257 1444 2288 τοῦ
1475 2254 1758 2300 φεύγοντος592

143 2320 382 2366 δικαιολογίας.
414 2322 432 2354 ὁ
463 2321 577 2354 τοίνυν
606 2320 811 2366 Ἀνδροτίων
844 2322 929 2365 πρὸς
959 2321 1018 2353 τὸν
1052 2323 1188 2366 πρῶτον
1219 2322 1320 2363 νόμον
1352 2320 1420 2354 ἕθει
1453 2319 1659 2365 ἀγωνίζεται·

142 2384 234 2430 λέγει
266 2385 332 2430 γὰρ
366 2384 417 2418 ὅτι
455 2386 530 2419 ἕθος
569 2385 753 2430 ἐκράτησεν
785 2383 1065 2429 ἀπροβούλευτον
1098 2384 1269 2429 ψήφισμα
1309 2384 1509 2428 εἰσάγεσθαι
1548 2384 1582 2417 ἐν
1615 2386 1663 2431 τῷ

143 2447 245 2495 δήμῳ.
289 2449 374 2494 πρὸς
405 2449 441 2482 δέ
472 2450 531 2482 τὸν
556 2447 714 2494 δεύτερον
743 2448 970 2492 ἀντινομικῶς·
1011 2447 1203 2493 παραφέρει
1235 2448 1301 2493 γὰρ
1332 2448 1384 2481 καὶ
1414 2448 1514 2482 αὐτὸς
1546 2447 1688 2492 ἕτερον5

142 2513 244 2556 νόμον
265 2514 411 2559 λέγοντα
434 2514 493 2557 τὴν
519 2514 662 2557 βουλὴν,
690 2513 747 2546 ἐὰν
770 2513 851 2557 δόξῃ
884 2514 994 2546 καλῶς
1018 2512 1280 2552 βεβουλευκέναι
1307 2512 1343 2545 ἐν
1368 2513 1415 2558 τῷ
1442 2511 1547 2558 δήμῳ,
1578 2525 1659 2545 στε-

195 2640 213 2659 0
240 2636 271 2668 οἱ
293 2635 494 2669 δέκα-τῶν
514 2635 615 2681 ἑπτὰ]
651 2635 746 2674 Quid
765 2635 848 2669 velit
868 2635 1027 2680 scriptor,
1050 2648 1093 2669 ex
1113 2636 1340 2681 sequentibus
1359 2636 1531 2680 intelligo.
1582 2635 1659 2669 Cae-

140 2693 255 2722 terum
275 2701 318 2722 ex
336 2689 421 2734 ipsis
440 2689 535 2723 hisee
555 2689 669 2723 verbis
689 2701 831 2722 sensum
846 2689 983 2722 nullum
1003 2690 1182 2734 exsculpo.
1214 2689 1346 2728 Quidni
1367 2689 1474 2734 igitur
1495 2689 1657 2733 supplea-

141 2752 239 2775 mus:
270 2742 398 2775 διεῖλον
425 2743 530 2775 πάλιν
559 2742 698 2776 ἑαυτοὺς
726 2742 773 2775 εἷς
795 2741 905 2776 ἅλλας
935 2741 1034 2775 πέντε
1059 2742 1197 2787 μερίδας
1225 2742 1287 2775 ἀνὰ
1318 2743 1406 2775 δέκα.
1437 2742 1488 2774 καὶ
1519 2742 1550 2773 οἱ
1581 2741 1659 2774 δέκα

140 2792 244 2839 ἦρχον
274 2795 358 2828 ἑπτὰ
389 2795 523 2840 ἡμέρας,
556 2796 609 2828 καὶ
638 2792 683 2829 εἷς
706 2795 816 2828 αὐτῶν
845 2795 927 2828 κατὰ
955 2796 1079 2838 κλῆρον
1108 2793 1191 2839 ἦρχε
1221 2797 1299 2837 μιᾶς
1330 2795 1463 2838 ἡμέρας.
1495 2794 1656 2827 JURIN.

139 2852 159 2880 P
177 2847 254 2891 μίαν
274 2847 398 2892 ἡμέραν
419 2849 527 2882 codex
545 2849 646 2881 Bodl.
667 2848 761 2893 apud
780 2848 979 2893 Taylorum.
1011 2848 1211 2894 Legebat-ur
1230 2850 1306 2890 μιᾶς
1327 2847 1459 2891 ἡμέρας.
1539 2852 1559 2878 q
1579 2846 1658 2879 ἐλά-

138 2901 259 2946 βοντο]
284 2901 494 2942 ἐπελάβοντο
514 2902 676 2935 Wolfius.
787 2906 802 2925 Γ
821 2901 1012 2947 πράξαντα]
1038 2901 1187 2946 ἄρξαντα
1206 2901 1369 2933 Wolflus.
1467 2904 1481 2923 S
1502 2898 1539 2934 ὃς
1557 2899 1657 2933 addi-

138 2957 214 2988 tum
234 2955 269 2987 in
290 2955 343 2988 ed.
366 2955 473 2988 Paris.
496 2967 526 2988 a.
554 2961 664 3001 1570.
1197 2977 1199 2979 >
