1954 3273
242 178 324 224 496
781 180 1205 218 ΔΗΜΟΣΘΕΝΟΤΣ
1355 176 1437 215 On.
1461 175 1571 215 XX.
1595 189 1635 229 p.
1653 176 1752 226 462,
1771 192 1868 216 24——

241 297 521 358 ραρχοῦντες
563 292 632 341 ἀεὶ
672 295 765 341 τῶν
803 294 1036 357 χορηγιῶν
1070 292 1247 342 ἀτελεῖς
1286 287 1592 355 ὑπάρχουσιν,
1631 290 1674 350 οἱ
1703 288 1741 336 δ’

242 374 423 426 ἐλάττω
461 374 581 426 ἱτιῖΞν
617 379 784 425 ἱκανῶν
819 373 1099 437 κεκτημένοι,
1124 370 1209 435 τὴν
1245 372 1502 437 ἀναγκαίαν
1535 370 1745 420 ἀτέλειαν
1758 390 1796 420 25

243 459 438 525 ἔχοντες,
465 459 555 526 ἔξω
592 464 674 508 τοῦ
708 458 872 510 τέλους
910 459 1000 506 εἶσὶ
1032 455 1210 506 τούτου·
1266 456 1431 505 οὐκοῦν
1464 453 1641 505 τούτων
1666 452 1750 515 μὲν

243 542 494 607 οὐδετέρων
519 542 665 592 οὐδεὶς
691 539 765 590 διὰ
798 539 880 590 τὸν
913 537 1055 601 νόμον
1089 538 1198 601 ἡμῖν
1230 538 1496 604 προσέσται
1533 536 1749 604 χορηγός.

178 647 229 677 22
244 623 374 674 ἀλλὰ
408 623 462 686 νὴ
499 623 594 673 Διά
627 627 690 675 εἷς
724 622 808 675 τὰς
837 626 931 672 τῶν
972 622 1196 683 μετοίκων
1234 621 1524 686 λειτουργίας
1556 623 1757 670 εἰσποιεῖ

242 705 468 759 πολλούς.
527 707 640 755 ἀλλ’
677 704 757 755 ἐὰν
794 705 922 772 δείξῃ
960 702 1148 766 1(πέντε,
1186 702 1277 768 ἐγὼ
1308 708 1467 769 ληρεῖν
1507 703 1846 767 ὁμολογῶ.463

244 788 379 852 θήσω
413 789 567 839 τοίνυν
592 787 684 853 ἐγὼ
709 786 773 851 μὴ
800 792 1009 837 τοιοῦτον
1034 784 1146 836 εἶναι
1172 783 1337 847 1τοῦτο,
1365 783 1495 834 ἀλλὰ
1520 786 1634 834 ιᾙκαὶ
1659 788 1753 834 τῶν

243 872 466 935 μετοίκων
491 873 711 924 πλείονας
744 869 772 934 ὴ
804 869 1074 931 τοσούτους,
1101 868 1180 918 ἐὰν
1220 869 1244 918 ὁ
1280 866 1419 931 νόμος
1457 871 1583 934 τεθῇ,
1611 866 1755 919 ητοὺς

243 960 627 1019 λειτουργοῦντας
685 953 893 1014 ἔσεσθαι,
946 953 1022 1001 καὶ
1071 955 1165 1001 τῶν
1215 955 1425 1001 πολιτῶν
1471 950 1646 1014 μηδένα
1705 951 1755 1000 ἐκ

242 1038 542 1105 τριηραρχίας
594 1035 817 1104 ὑπάρξειν
868 1038 1026 1098 ἀτελῆ.
1086 1034 1380 1103 σκεψώμεθα
1431 1034 1486 1098 δὴ
1537 1035 1585 1084 τί
1630 1035 1783 1088 τοῦτέ,

244 1120 412 1171 οἔσται
449 1124 506 1188 τῇ
544 1119 694 1181 πόλει,
721 1120 800 1170 ἐὰν
826 1117 1028 1171 ἅπαντες
1062 1118 1189 1168 οὗτοι
1226 1122 1553 1184 λειτουργῶσι·
1597 1116 1750 1184 φανή·

246 1227 380 1255 σεται
415 1203 520 1270 γὰρ,
548 1203 650 1254 οὐδὲ
684 1208 871 1254 πολλοῦ
904 1206 982 1264 δεῖ,
1016 1205 1099 1265 τῆς
1136 1202 1449 1267 γενησομένης
1483 1201 1645 1270 Ρᾶξιον
1680 1205 1754 1252 αἰ-

182 1309 231 1352 23
246 1287 438 1354 σχύνης.
496 1286 619 1353 (Ᾰὸρα
662 1287 699 1337 δ’
741 1286 926 1337 οὑτωσί.
967 1288 1057 1335 εἶσὶ
1100 1290 1193 1336 τῶν
1231 1285 1377 1354 ξένων
1418 1287 1610 1347 ἀτελεῖς,
1649 1284 1759 1335 δέκα

247 1372 399 1435 θήσω·
443 1373 517 1421 καὶ
555 1370 622 1434 μὰ
660 1370 767 1423 τοὺς
802 1367 945 1431 θεοὺς,
982 1368 1095 1436 ὅπερ
1135 1367 1264 1420 εἶπον
1297 1370 1477 1435 ἀρτίως,
1513 1369 1595 1418 οὐκ
1633 1365 1758 1431 οἶμαι

247 1456 383 1507 πέντε
415 1453 543 1507 εἶναι.
580 1458 655 1505 καὶ
699 1454 791 1517 μὴν
829 1457 922 1504 τῶν
958 1476 1011 1518 γε
1051 1457 1261 1504 πολιτῶν
1301 1453 1382 1502 οὐκ
1427 1455 1517 1502 εἰσὶ
1560 1452 1696 1502 πέντε
1727 1450 1813 1515 ἢιο

250 1540 318 1608 ἕξ.
384 1540 548 1589 οὐκοῦν
598 1537 907 1605 Γἀμφοτέρων
953 1538 1206 1587 ἑκκαίδεκα.
1271 1534 1544 1599 ποιήσωμεν
1594 1533 1759 1588 αὐτοὺς

249 1624 436 1686 ε’ίκοσιν,
464 1628 500 1674 εἰ
525 1623 573 1674 δὲ
599 1622 849 1685 βούλεσθε,
884 1622 1147 1687 τριάκοντα.
1203 1619 1349 1671 πόσοι
1384 1619 1544 1684 δήποτ’
1574 1621 1692 1669 εἰσὶν
1719 1622 1761 1669 οἱ

1307 1704 1317 1720 Ι

250 1709 350 1758 κατ’
379 1707 585 1757 ἐνιαυτὸν
622 1706 706 1759 τὰς
739 1706 1041 1771 Ξέγκυκλίους
1079 1712 1368 1769 λειτουργιας
1400 1705 1754 1768 ἴλειτουργοῦν-

250 1813 338 1853 τες,
363 1791 558 1857 χορηγοὶ
585 1790 659 1839 καὶ
685 1789 1032 1854 γυμνασίαρχοι
1064 1789 1138 1837 καὶ
1163 1785 1456 1852 ῑῑὲστιάτορες
1478 1808 1490 1847 ;
1534 1785 1760 1854 ἑξήκοντα
1777 1808 1812 1838 15

187 1874 367 1933 24ἵσως
393 1872 420 1937 ἢ
446 1877 595 1939 μικρῷ
629 1872 819 1923 πλείους
845 1870 1118 1934 σύμπαντες
1144 1869 1282 1921 οὗτοι.
1339 1870 1396 1920 ἵν’
1425 1871 1505 1920 οὖν
1531 1869 1758 1935 τριάκοντ’

253 1957 492 2022 ἅνθρωποι
516 1963 536 1981 x
552 1953 581 2018 ἢ
608 1956 797 2006 πλείους
835 1953 964 2019 παρὰ
1000 1951 1155 2004 πάντα
1178 1951 1260 2003 τὸν
1285 1953 1455 2020 χρόνον
1482 1953 1759 2019 λειτουργή-

253 2062 410 2089 σωσιν
451 2038 574 2101 ἡμῖν,
613 2037 719 2090 τοὺς
762 2036 972 2088 ἅπαντας
1009 2036 1238 2089 ἀπίστους
1280 2036 1398 2102 πρὸς
1440 2037 1559 2099 ἡμᾶς
1597 2034 1761 2089 αὐτοὺς

253 2125 517 2184 διαθῶμεν;
562 2122 670 2170 ἀλλ’
705 2121 843 2183 ἰ’σμεν
882 2122 1023 2169 ἐκεῖνο
1061 2118 1224 2182 δήπου,
1258 2118 1328 2169 ὅτι
1365 2119 1816 2185 λειτουργήσουσικο

252 2205 350 2268 μὲν,
391 2205 562 2270 Υἄνπερ
599 2205 625 2267 ἡ
660 2203 799 2256 πόλις
839 2201 884 2270 ᾗ,
917 2205 1107 2264 πολλοὶ,
1143 2205 1217 2253 καὶ
1255 2204 1372 2253 Ζούκ
1416 2204 1761 2271 ἐπιλείψουσιν,

253 2290 302 2338 εὖ
339 2288 386 2338 δὲ
424 2292 571 2338 ποιεῖν
607 2287 753 2350 ὓὴμᾶς
791 2288 934 2340 οὐδεὶς
970 2286 1196 2349 ἐθελήσει,
1223 2286 1328 2339 τους
1365 2287 1593 2353 πρότερον
1629 2287 1760 2352 ποιή-

188 2395 238 2437 25
253 2393 431 2423 σαντας
468 2369 546 2420 ἐὰν
577 2369 874 2433 ἠδικημένους
900 2368 1013 2436 ὓῖδῃ.
1054 2368 1155 2420 εἶεν.
1200 2374 1236 2420 εἰ
1273 2370 1320 2420 δὲ
1357 2371 1413 2434 δὴ
1455 2370 1515 2421 τὰ
1547 2370 1762 2434 μάλιστα

252 2453 519 2504 οἐπέλειπον
545 2456 586 2502 οἱ
612 2457 830 2519 χορηγεῖν
856 2451 945 2502 οἷοί
976 2475 1042 2513 τε,
1070 2452 1187 2518 πρὸς
1215 2453 1332 2506 Διὸς
1357 2452 1581 2519 ἀπότερον
1607 2459 1757 2521 κρεῖτ-

306 2576 317 2609 i
337 2578 403 2609 τῶν
423 2588 491 2609 om.
513 2588 564 2621 pr.
586 2576 630 2610 O.
711 2572 731 2599 k
752 2576 868 2621 πέντε]
893 2577 991 2609 πέντε
1011 2577 1115 2618 μόνον
1134 2577 1246 2610 A.k.s.
1325 2573 1335 2600 Ῑ
1355 2577 1473 2622 τοῦτο]
1498 2579 1619 2611 τοῦτον
1637 2577 1761 2612 Y.O.1·.

254 2634 284 2652 m
304 2630 356 2662 καὶ
376 2641 444 2662 om.
462 2630 498 2662 k.
611 2633 626 2647 ¹¹
647 2628 725 2662 τοὺς
745 2629 869 2664 A.S.k.
918 2629 1117 2674 Legebatur
1136 2629 1213 2664 τοὺς
1233 2629 1294 2663 ἀεί.
1404 2635 1422 2653 ⁰
1447 2631 1543 2664 ἔσται
1563 2643 1632 2664 om.
1648 2643 1701 2676 pr.
1725 2631 1761 2666 S.

254 2687 273 2714 P
290 2681 385 2725 ἄξιον
404 2680 586 2725 αἰσχύνης]
609 2680 773 2725 αἰσχύνης
791 2681 885 2725 ἄξιον
905 2682 989 2717 A.k.
1100 2688 1119 2715 (l
1139 2682 1201 2726 ὅρα
1220 2682 1341 2716 Y.O.s.
1367 2688 1401 2716 et
1420 2695 1471 2728 pr.
1495 2683 1530 2717 S.
1563 2683 1762 2730 Legebatur

254 2735 365 2778 ὁρᾶτε.
403 2734 506 2768 Conf.
528 2746 562 2778 p.
584 2744 674 2778 473,
698 2744 757 2767 20.
904 2740 918 2758 Γ
937 2734 1406 2781 ἀμφοτέρων-ποιήσωμεν]
1431 2736 1760 2782 ἀμφότερα-ποιή-

255 2800 362 2829 σομεν
381 2792 408 2820 t.
547 2792 561 2810 S
582 2785 793 2831 ἐγκυκλίους]
816 2786 998 2831 ἐγκύκλους
1018 2787 1109 2821 Υ.Ο.
1131 2795 1166 2822 ct
1185 2800 1235 2833 pr.
1259 2790 1295 2821 S.
1431 2788 1444 2813 ¹-
1463 2790 1758 2836 λειτουργοῦντες]

253 2840 529 2884 λειτουργοῦντες
549 2838 625 2882 ὑμῖν
645 2839 746 2872 F.t.v.
823 2845 843 2863 u
862 2840 1074 2885 ἑστιάτορες]
1099 2841 1289 2885 ’ἱστιάτορες
1309 2842 1351 2874 A.
1374 2847 1408 2875 et
1428 2854 1480 2886 pr.
1505 2843 1539 2876 S.
1614 2848 1633 2867 Χ
1650 2842 1668 2885 ἢ
1691 2855 1760 2877 om.

254 2893 296 2925 Α.
318 2897 353 2925 et
373 2904 423 2937 pr.
444 2893 479 2926 k.
593 2897 610 2924 y
631 2891 753 2937 ὅνπερ]
776 2891 861 2936 ἅπερ
881 2892 1001 2926 Y.O.s.
1023 2898 1057 2926 et
1076 2905 1128 2938 pr.
1151 2894 1200 2933 S„
1222 2894 1283 2928 sed
1302 2894 1344 2927 ab
1365 2895 1485 2928 eadem
1506 2907 1552 2929 m.
1574 2901 1760 2930 correctus.

254 2949 271 2967 2
292 2944 350 2976 οὐκ
371 2956 438 2978 om.
460 2957 487 2978 r.
559 2949 577 2968 ²²
598 2943 697 2989 ἡμᾶς]
724 2944 805 2987 ὑμᾶς
825 2946 866 2978 Α.
941 2941 960 2969 b
981 2944 1054 2991 ἰ’δῃ]
1079 2946 1162 2988 ειδηι
1183 2946 1219 2981 S.
1292 2951 1307 2971 0
1326 2946 1509 2982 ἐπέλειπον
1530 2948 1564 2982 S.
1597 2947 1762 2982 ἐπέλιπον

255 2996 370 3040 vulgo.
482 2993 500 3020 d
520 2995 679 3041 πότερον]
703 2999 868 3042 πρότερον
888 3010 914 3031 s.
