1954 3273
1939 189 1943 219 ι

251 248 335 291 726
793 234 1218 292 AHMomssNo‘rS
1313 232 1887 303 012.XX111.p.692‚‘9-
1939 222 1954 361 Ξ

248 366 377 413 σθαι·
425 364 451 413 5
485 359 560 414 ὶὶδ’
594 364 642 413 ἐν
676 367 742 431 τῷ
780 368 927 414 ποιεῖν
965 363 1206 429 ἀγώγιμον
1243 361 1399 413 πάντα
1436 366 1583 412 ταῦτα
1617 360 1758 411 δέδω-
1940 366 1944 423 ἰ

249 465 344 497 κεν·
385 448 459 497 ἐπὶ
485 446 577 544 γὰρ
603 452 699 500 τοῖς
724 453 961 508 λαβοῦσιν
987 447 1121 496 ἐσται
1154 450 1300 496 ποιεῖν
1327 444 1351 495 ὅ
1382 468 1426 495 τι
1458 442 1515 495 ἂν
1541 444 1759 504 βούλων-
1779 464 1817 486 10
1940 445 1945 494 ἒ

248 550 340 580 ται.
403 529 601 596 ἀπάγειν
639 532 664 580 5
707 530 847 593 νόμος
889 533 950 582 ὡς
988 552 1095 582 τους
1135 528 1425 590 θεσμοθέτας
1465 526 1650 588 κελεύει,
1690 549 1765 576 και

248 613 386 674 τοῦτ’,
422 612 479 663 ἂν
516 615 564 664 ἐν
598 617 656 681 τῇ
694 618 776 663 τοῦ
814 611 1102 664 πεπονθότος
1140 611 1270 678 λάβῃ
1304 632 1372 664 τις
1410 611 1615 676 πατρίδι·
1663 610 1688 659 5
1723 610 1763 660 δ’

249 695 494 761 ἀγώγιμον
521 697 645 764 αὐτῷ
671 700 737 765 τῷ
762 695 847 759 τὴν
874 696 1024 746 αἰτίαν
1051 694 1343 759 ἐπενεγκόντι
1370 694 1616 745 δίδωσιν
1589 716 1650 747 ως
1676 694 1760 743 αὑ-

155 789 230 832 261
249 778 344 842 τὸν,
378 779 464 829 κᾶν
500 783 582 842 τῆς
620 779 875 844 ἀλλοτρίας
913 800 1004 829 που
1040 777 1185 845 λάβῃ.
1241 776 1370 827 ε”στιν
1400 776 1472 843 ἐφ’
1501 775 1568 829 οἷς
1599 774 1758 839 ἀδική-

247 886 369 925 μασι
408 863 601 912 δέδωκεν
640 863 925 913 ἀποκτείνειν
964 862 989 911 5
1030 860 1182 924 νόμος·
1232 862 1256 911 5
1296 863 1336 911 δ’
1374 852 1505 910 οὐδὲν
1544 858 1814 922 ὑπειπὼν,15
1944 878 1954 901 1¹

248 944 334 996 κᾶν
369 947 443 996 ἐπὶ
480 946 660 999 τούτοις
699 945 794 999 ἰτις
834 946 1002 1013 κτείνῃ,
1038 945 1231 994 δίδωσιν
1269 944 1457 994 ἔκδοτον
1494 943 1577 994 τὸν
1610 945 1764 1011 ἀθῷον
1944 975 1953 1001 4

942 1025 1006 1078 kal

247 1028 495 1097 ἀφειμένον
525 1031 573 1080 ἐν
599 1034 694 1082 τοῖς
721 1029 889 1093 νόμοις.
971 1052 1028 1079 αν
1054 1051 1121 1081 τις
1152 1027 1281 1096 πάθῃ
1307 1050 1352 1078 τι
1383 1033 1605 1090 τοιοῦτον,
1633 1028 1763 1080 δίκας

674 1109 833 1163 Ῑαίτεῖν
865 1117 1068 1178 πρῶτον·
1111 1113 1134 1162 5
1167 1111 1214 1162 δε
1248 1112 1516 1162 τούναντίον
1549 1111 1764 1174 οὐδεμίαν

248 1112 273 1163 5
306 1112 446 1175 νόμος
472 1112 648 1163 κελεύει

247 1196 402 1261 κρίσιν
437 1196 530 1246 οὔτ’
559 1194 695 1250 αὐτὸς
734 1195 877 1247 εἰπὼν
911 1196 1014 1246 οὔτε
1048 1197 1158 1262 παρ’
1185 1194 1248 1246 ὧν
1283 1196 1450 1264 ωάξιοῖ
1483 1200 1648 1255 λαβεῖν
1683 1199 1754 1245 αἱ·
1775 1204 1818 1241 20¹

247 1278 412 1342 τήσας,
462 1279 704 1345 ἀγώγιμον
753 1275 923 1332 “debs
979 1278 1178 1346 ἔγραψε,
1231 1276 1316 1328 κᾶν
1371 1299 1441 1332 τις
1493 1279 1761 1346 ἀφαιρῆται,

154 1377 234 1418 262
247 1367 536 1430 παραχρῆμα
579 1360 888 1415 Οἔκσπονδον.
948 1356 1288 1430 ἀνδρολήψιον,
1329 1365 1436 1428 παρ’
1485 1360 1588 1414 Ροῖς
1636 1359 1693 1411 ἂν
1739 1361 1764 1410 5
1944 1368 1954 1427 ·}

249 1445 430 1512 δράσας
467 1445 510 1514 ᾗ,
550 1445 643 1497 (ἶάν
688 1446 752 1511 μὴ
796 1449 993 1497 1’διδῶσι
1038 1447 1180 1508 δίκας,
1223 1444 1495 1496 κελεύουσιν
1540 1449 1582 1495 οἱ
1632 1443 1765 1508 νόμοι

246 1530 384 1598 μέχρι
417 1535 558 1596 τριῶν
591 1528 720 1581 εἶναι·
764 1531 789 1581 5
822 1529 884 1593 δὲ,
911 1529 969 1581 ἀν
1000 1529 1239 1598 ἀφέληταί
1268 1551 1338 1582 τις
1370 1528 1453 1580 τὸν
1488 1529 1664 1594 ἄγοντα
1697 1527 1763 1592 μὴ

248 1614 536 1676 βουλόμενος
578 1612 672 1680 πρὸ
710 1615 838 1677 δίκης
882 1615 1105 1676 ἐκδοῦναι,
1144 1611 1277 1666 εὐθὺς
1322 1612 1583 1663 ἔκσπονδον
1622 1616 1758 1663 ποιεῖ.
1775 1638 1815 1668 25

249 1698 333 1747 οὐκ
376 1699 429 1766 ἐᾷ
473 1699 529 1748 ⁸5
575 1695 714 1759 νόμος
760 1695 917 1759 νόμον,
960 1696 1046 1747 ‘ew
1095 1695 1159 1760 μὴ
1202 1696 1285 1747 τὸν
1329 1694 1470 1746 αὐτὸν
1520 1697 1593 1746 ἐπὶ
1643 1700 1765 1745 πᾶσι

867 1783 877 1797 ‚
919 1782 929 1797 ‚
967 1781 977 1796 ‚
1018 1783 1033 1797 2

247 1865 330 1915 οὐκ
368 1866 421 1933 ἐᾷ
458 1863 697 1933 ψήφισμα
735 1865 760 1915 5
800 1863 940 1928 νόμος
979 1865 1255 1931 κυριώτερον
1293 1862 1406 1915 εἶναι
1449 1863 1608 1928 νόμου·
1659 1866 1684 1914 5
1722 1866 1764 1914 δ

248 1946 555 2015 ὑπαρχόντων
580 1949 855 2000 ”roo-odram
882 1948 1037 2010 νόμων
1062 1947 1300 2017 ψήφισμα
1325 1953 1450 1999 ποιεῖ
1477 1948 1633 2014 κύριον
1657 1970 1765 2002 τους

151 2042 231 2097 263
247 2030 415 2095 νόμους
457 2034 670 2097 ἀναιρῶν.
731 2038 878 2083 ταῦτα
923 2032 1185 2101 φυλάττετε
1231 2033 1306 2082 καὶ
1350 2030 1630 2095 μεμνημένοι
1674 2030 1757 2082 κά·
1776 2033 1858 2094 693

246 2118 412 2178 θησθε.
471 2119 546 2166 καὶ
584 2115 668 2169 τὰς
710 2113 795 2178 μὲν
833 2112 1138 2182 παραγωγὰς,
1177 2113 1264 2169 Χᾶς
1303 2115 1428 2165 οὗτοι
1471 2114 1764 2178 ποιήσονται,

243 2199 419 2264 χαίρειν
462 2201 562 2249 ἐᾶτε
609 2201 684 2249 καὶ
728 2199 792 2263 μὴ
837 2199 1101 2265 ἐπιτρέπετε
1148 2198 1301 2263 λέγειν
1345 2200 1512 2261 αὐτοῖς,
1557 2198 1762 2249 κελεύετε

244 2281 293 2332 δὲ
333 2281 478 2349 δεῖξαι
522 2288 615 2332 ποῦ
654 2282 863 2351 γέγραφε
902 2283 1072 2347 κρίσιν,
1111 2280 1139 2345 ὴ
1178 2288 1269 2331 ποῦ
1307 2283 1558 2349 γέγραφεν,
1597 2282 1655 2331 ἄν
1691 2304 1790 2336 ‘ns-5

243 2365 381 2433 Υὰλῷ
426 2363 588 2429 φόνου,
633 2365 785 2415 Ζκατά
835 2365 1001 2416 τούτου
1052 2364 1135 2417 τὰς
1181 2366 1448 2429 ἃτιμωρίας.
1513 2369 1550 2415 εὶ
1594 2364 1687 2430 γὰρ
1731 2364 1760 2429 ἢ

243 2447 326 2498 τὸν
367 2446 546 2499 ἄλλοθί
587 2471 678 2499 που
725 2446 938 2514 κριθέντα
984 2451 1058 2499 καὶ
1105 2446 1346 2499 ἑαλωκότα
1391 2448 1461 2499 ὅτι
1501 2451 1573 2499 δεῖ
1611 2447 1757 2500 κολά-

298 2605 318 2632 h
338 2606 366 2641 δ’
387 2607 438 2653 ἐν]
464 2608 499 2642 δέ
522 2607 613 2643 Y.O.
768 2604 774 2632 ῐ
795 2621 846 2642 τις
867 2607 994 2653 κτείνῃ]
1020 2607 1129 2650 κτείνῃ
1149 2621 1200 2642 τις
1219 2619 1249 2640 V.
1402 2605 1417 2628 k
1439 2606 1479 2639 ἅν
1502 2606 1536 2639 S.
1569 2605 1624 2639 ε’άν
1645 2606 1761 2652 vulgo.

244 2658 255 2686 l
274 2660 395 2706 αἶτεῖν]
419 2661 571 2695 ἀπαιτεῖν
592 2661 762 2695 F.Y.O.v.
820 2666 850 2684 m
869 2659 973 2705 ἀξιοῖ]
999 2661 1098 2696 αὐτὸς
1117 2660 1206 2705 ἀξιοῖ
1226 2660 1264 2694 F.
1295 2660 1409 2695 αὐτοῖς
1427 2659 1517 2704 ἀξιοῖ
1535 2671 1567 2692 v.
1627 2665 1645 2683 ¹¹
1665 2660 1763 2694 εὐθὺς

242 2714 394 2760 ἔγραψε]
420 2713 559 2758 ἐποίησε
579 2714 673 2748 Y.O.
818 2719 836 2737 ⁰
856 2714 1057 2747 ἔκσπονδον.
1087 2712 1323 2759 ἀνδρολήψιον
1342 2725 1394 2759 pr.
1418 2714 1452 2746 S.
1489 2712 1688 2758 Legebatur
1706 2713 1759 2746 ἕκ-

244 2768 396 2801 σπονδον
415 2770 514 2802 ποιεῖ.
550 2768 588 2801 τὸ
608 2765 854 2812 ἀνδρολήψιον.
961 2772 979 2799 P
1002 2764 1067 2812 οἷς]
1092 2763 1137 2800 ὧν
1159 2767 1194 2801 S.
1230 2763 1275 2800 ὧν
1294 2764 1341 2801 εἷς
1360 2778 1391 2800 V.
1495 2774 1513 2801 (1
1535 2764 1574 2798 ἂν
1593 2765 1675 2799 AB.
1705 2765 1763 2798 ἐὰν

243 2821 361 2866 vulgo.
395 2820 451 2854 ἐὰν
470 2822 505 2855 δὲ
526 2820 698 2855 F.Y.O.V.
821 2827 834 2846 Ι·
854 2819 993 2866 διδῶσι]
1019 2821 1140 2854 δίδωσι
1162 2821 1202 2854 A.
1323 2825 1337 2844 S
1359 2821 1376 2852 5
1398 2820 1497 2863 νόμος
1517 2818 1650 2852 addidit
1670 2818 1761 2852 Feli-

243 2874 376 2907 cianus.
516 2873 530 2899 ἴ
549 2873 589 2908 ἂν
610 2874 645 2908 S.
678 2873 734 2907 ἐὰν
753 2873 873 2917 vulgo.
905 2873 933 2906 εἰ
952 2874 1091 2907 A.r.s.v.
1248 2878 1267 2897 ¹¹
1287 2871 1464 2906 τοσούτων
1484 2884 1554 2906 om.
1578 2872 1760 2906 A.S.k.r.s.

244 2942 263 2963 Χ
291 2937 346 2984 ἃς]
378 2940 414 2972 δέ
441 2937 488 2971 ἃσ
509 2939 544 2971 S.
585 2952 608 2971 σ
632 2938 666 2971 in
694 2949 813 2970 rasura
840 2937 986 2970 duarum
1013 2937 1191 2971 literarum
1218 2936 1333 2982 posito
1357 2942 1392 2969 ct
1412 2951 1443 2973 a,
1466 2935 1560 2980 quod
1580 2935 1705 2980 partim
1726 2934 1761 2967 in

244 3003 398 3025 rasuram
419 2992 551 3029 incidit,
573 2991 737 3036 ambiguo
758 2990 848 3023 inter
868 3005 885 3023 0
907 2996 941 3023 ct
961 3005 997 3023 ω.
1128 2996 1145 3022 5
1165 2990 1254 3036 ἁλῷ]
1276 2989 1462 3022 ἀποκτείνει
1482 2989 1535 3022 καὶ
1554 2988 1626 3035 ἁλῷ
1643 3002 1699 3033 γρ.
1723 2987 1759 3021 S.

246 3050 259 3064 Ζ
281 3045 381 3090 κατὰ]
407 3046 459 3078 καὶ
479 3057 505 3078 S.
619 3050 637 3068 a
656 3043 833 3089 τιμωρίας]
859 3040 941 3077 εἶναι
962 3044 1094 3076 addunt
1118 3042 1288 3077 F.Y.O.V.
1312 3048 1345 3076 et
1365 3057 1419 3087 γρ.
1443 3042 1477 3075 S.
