1954 3273
78 175 187 226 —67
192 188 232 229 5,
248 192 278 216 2.
611 180 751 217 ΚΑΤΑ
786 178 1245 216 ΑΡΙΣΤΟΚΡΑΤΟΎΣ.
1638 174 1721 215 707

205 288 372 350 διαβὰς
411 291 493 340 οὑκ
532 291 606 341 ἐπὶ
643 289 726 341 τὸν
762 288 932 349 Κότυν,
967 290 1076 338 ἀλλ’
1112 290 1184 356 ἐφ’
1219 288 1374 351 “ἡμᾶς
1414 288 1510 347 μετ’
1549 287 1720 337 ἐκείνου

0 359 3 446 ᾗ
203 371 457 437 ἐπορεύετο.
506 372 571 423 ε”τι
597 374 751 423 τοίνυν
777 372 950 435 ταύτην
975 371 1123 435 μόνην
1149 370 1388 436 ἀνάγνωθί
1408 392 1487 434 μοι
1512 368 1598 432 τὴν
1623 371 1750 421 ἐπι-5

204 454 401 518 στολὴν,
437 454 520 508 τὰς
556 459 596 505 δ’
623 456 778 507 ἄλλοις
816 455 880 504 ἔα·
922 457 1068 517 δῆλον
1103 453 1196 520 γάρ
1233 462 1352 505 Χπου
1393 456 1498 515 ὑμῖν
1532 453 1722 518 γέγονεν

206 540 267 591 ὡς
292 538 596 607 πεφενάκικεν
623 540 754 602 ὑμᾶς.
811 537 937 603 λε’γε.

804 636 1110 677 ΕΠΙΣΤΟΛΗ
1118 669 1126 677 .

115 722 193 763 192
280 710 526 775 Ἐπίσχες.
588 710 862 771 ἐνθυμεῖσθε
908 707 978 757 ὅτι
1016 707 1211 775 γράψας
1255 707 1339 768 μὲν
1379 709 1440 760 ὡς
1485 707 1723 757 ἀποδώσει
1740 730 1778 751 10

206 792 526 858 Χερρόνησον,
565 791 624 842 τὰ
664 790 811 842 λοιπὰ
849 791 1114 860 ἀφελέσθαι
1158 791 1410 854 μισθώσας
1450 792 1592 841 αὑτὸν
1629 796 1725 844 τοῖς

206 877 438 942 ὑμετέροις
477 878 659 943 ἐχθροῖς
698 876 932 941 ἐπεχείρει,
971 874 1167 942 γράψας
1206 875 1254 925 δὲ
1299 878 1361 928 ὡς
1399 874 1725 943 Ἀλεξάνδρου

204 959 626 1025 πρεσβευσαμένου
660 957 805 1024 )’πρὸς
845 958 986 1009 αὐτὸν
1023 961 1076 1009 οὐ
1111 959 1475 1028 Ζπροσεδέξατο,
1507 964 1602 1012 τοῖς
1640 967 1726 1026 λῃ-

206 1050 343 1098 σταῖς
378 1045 591 1111 φαίνεται
625 1048 721 1096 τοῖς
755 1048 868 1108 παρ’
896 1045 1067 1094 ἐκείνου
1100 1043 1247 1093 ταύτὰ
1277 1041 1515 1108 πράττων.
1570 1045 1727 1096 εὔνους

206 1150 273 1192 γε,
301 1128 354 1177 οὐ
379 1127 504 1193 γάρ;
545 1128 709 1178 ἁπλῶς
737 1127 856 1189 ὑμῖν,
882 1130 957 1176 καὶ
984 1126 1116 1177 οὐδὲν
1141 1125 1225 1176 ὃᾶν
1252 1128 1522 1180 ἐπιστείλας
1549 1129 1726 1193 ψεῦδος
1742 1150 1777 1180 ¹5

207 1211 302 1260 οὐδ’
331 1209 650 1278 ἐξαπατήσας.

117 1310 194 1352 193
283 1295 358 1344 Οὐ
384 1294 539 1344 τοίνυν
564 1296 614 1343 ἐκ
639 1294 817 1344 τούτων
842 1317 916 1344 πω
944 1294 1090 1356 δῆλόν
1123 1295 1238 1355 ἐσθ’,
1267 1296 1387 1344 οὕτω
1423 1298 1595 1361 σαφῶς
1620 1291 1728 1356 ἰ)δῆ-

207 1383 295 1427 λον
321 1375 387 1439 ὃν,
414 1379 476 1430 ὡς
502 1377 634 1427 οὐδὲν
658 1376 831 1428 πιστόν
857 1379 956 1428 ἐσθ’
985 1375 1049 1427 ὧν
1083 1378 1251 1430 ἐκεῖνός
1285 1382 1409 1445 φησι
1436 1386 1450 1403 ⁰
1466 1379 1542 1427 καὶ
1575 1400 1728 1441 προσ-

205 1466 401 1512 ποιεῖται
438 1466 496 1527 τῇ
533 1460 672 1512 πόλει
709 1462 975 1529 προσέχειν,
1015 1459 1160 1510 (Ῑάλλ’
1202 1463 1251 1511 ἐκ
1290 1465 1384 1511 τῶν
1426 1459 1544 1523 μετὰ
1582 1465 1729 1510 ταῦτα

207 1544 497 1608 συμβάντων
535 1545 669 1596 ἔσται
708 1546 1045 1612 φανερώτερον.
1099 1544 1180 1594 τὸν
1218 1544 1301 1607 μὲν
1339 1543 1433 1609 γὰρ
1471 1542 1644 1604 Κότυν,
1679 1544 1782 1593 εῧεο

1313 1628 1326 1655 f

205 1633 365 1689 ποιῶν,
393 1627 506 1678 ὅντα
537 1630 578 1693 γ’
608 1629 776 1696 ἐχθρὸν
802 1631 935 1691 θὺμῖν
970 1631 1044 1679 καὶ
1078 1628 1286 1694 πονηρὸν
1334 1629 1669 1679 ἀποκτίννυσιν
1703 1629 1728 1679 ὁ

208 1712 397 1774 Πύθων,
426 1713 450 1762 ὁ
477 1711 524 1762 δὲ
555 1712 928 1778 Κερσοβλέπτης
955 1715 979 1763 ὁ
1008 1716 1138 1764 ἕνυνὶ
1164 1711 1436 1773 βασιλεύων
1470 1711 1724 1776 μειρακύλ-

119 1803 313 1856 194λιον
348 1795 405 1860 ἧν
441 1799 516 1847 καὶ
550 1796 721 1850 πάντες
756 1802 798 1848 οἱ
834 1798 945 1848 ι’τοῦ
974 1796 1156 1850 Κότυος
1189 1799 1364 1858 παῖδες,
1391 1800 1485 1846 τῶν
1517 1795 1565 1846 δὲ
1599 1819 1723 1861 πρα-

207 1880 403 1945 γμάτων
429 1880 583 1946 κύριος
610 1880 685 1931 διὰ
712 1880 796 1945 τὴν
821 1882 1088 1947 παρουσίαν
1121 1883 1194 1930 καὶ
1229 1880 1283 1930 τὸ
1318 1879 1513 1943 δύναμιν
1549 1879 1670 1946 ἔχειν
1703 1881 1779 1936 (325

208 1965 484 2029 Χαρίδημος
522 1963 740 2028 ἐγεγόνει,
780 1963 886 2028 ἰἧκε
927 1963 975 2013 δὲ
1015 1963 1388 2032 κΚηφισόδοτος
1429 1968 1728 2029 στρατηγῶν,

207 2046 325 2112 πρὸς
372 2046 425 2097 ὃν
470 2046 608 2100 αὐτὸς
652 2047 836 2114 ε”πεμψε
887 2046 971 2110 τὴν
1019 2047 1279 2109 ἐπιστολὴν
1326 2048 1513 2110 ἐκείνην,
1559 2050 1632 2097 καὶ
1682 2051 1729 2098 αὶ

208 2129 420 2196 τριήρεις,
459 2130 519 2192 α’ἶ,
559 2130 627 2181 ὅτ’
666 2130 724 2195 ἧν
765 2131 920 2194 ἄδηλα
963 2131 1022 2182 τὰ
1067 2134 1148 2194 τῆς
1193 2132 1430 2196 σωτηρίας
1475 2131 1614 2200 αὐτῷ,
1653 2133 1728 2182 καὶ

116 2231 194 2272 195
208 2214 272 2278 μὴ
305 2220 667 2280 συγχωροῦντος
701 2214 998 2281 Ἀρταβάζου
1034 2215 1200 2281 σώζειν
1238 2214 1442 2277 ἔμελλον
1477 2213 1631 2265 αὐτόν.
1684 2217 1734 2266 τί

209 2297 265 2361 δὴ
292 2297 564 2364 Ῑπροσῆκεν,
590 2297 626 2348 ὦ
658 2299 821 2364 ἄνδρες
848 2304 1103 2363 Ἀθηναῖοι,
1129 2298 1212 2350 τὸν
1238 2302 1299 2352 ὡς
1327 2301 1517 2363 άληθῶς
1543 2300 1729 2350 ἁπλοῦν
1741 2315 1824 2369 675

269 2384 284 2400 Χ

210 2405 285 2432 και
323 2383 528 2449 ΠΙφίλον,
572 2383 805 2448 παρόντος
846 2382 929 2445 μὲν
973 2389 1246 2449 στρατηγοῦ
1291 2385 1377 2449 οὐχ
1415 2381 1516 2433 Πῶν
1561 2384 1728 2436 ἐκεῖνος

263 2555 285 2574 u
305 2549 407 2595 ἡμᾶς]
432 2549 516 2593 ὑμᾶς
536 2550 678 2584 A.k.r.s.
818 2555 832 2571 Χ
855 2563 921 2582 που
941 2549 1034 2595 ὑμῖν]
1061 2549 1167 2593 δήπου
1188 2549 1265 2592 ὑμῖν
1285 2550 1325 2584 F.
1357 2550 1434 2593 ὑμῖν
1454 2549 1562 2593 δήπου
1581 2551 1727 2584 A.k.r.s.

211 2608 227 2631 ἵ
247 2604 332 2647 πρὸς
352 2603 454 2636 αὐτὸν
474 2603 513 2636 οὐ
532 2602 646 2648 primo
665 2602 793 2637 omissa
811 2602 848 2636 in
867 2603 1027 2648 margine
1047 2603 1222 2648 supplevit
1240 2603 1401 2637 librarius
1420 2603 1456 2636 in
1474 2603 1524 2643 S„
1541 2603 1602 2637 sed
1620 2603 1669 2637 ita
1689 2609 1728 2637 ut

211 2661 292 2689 ante
311 2657 616 2701 πρεσβευσαμένου
636 2656 820 2690 inserenda
839 2668 915 2690 esse
936 2656 1147 2701 significaret
1165 2668 1227 2701 per
1236 2654 1411 2690 *en-orem.
1580 2662 1596 2680 Ζ
1616 2670 1724 2699 προσ-

211 2709 350 2753 εδέξατο
370 2710 518 2743 codices.
550 2709 735 2753 ὑπεδέξατο
755 2709 872 2754 vulgo.
957 2714 975 2733 a
994 2708 1034 2742 ἂν
1053 2721 1122 2743 om.
1143 2710 1248 2743 A.1·.s.
1328 2706 1346 2733 b
1368 2710 1472 2752 δῆλον
1491 2707 1529 2743 ὃν
1549 2720 1618 2742 om.
1635 2709 1724 2743 Y.O.

213 2767 229 2786 0
249 2762 318 2807 καὶ]
342 2761 360 2805 ἢ
381 2762 620 2796 A.Y.O.k.r.s.
651 2774 719 2795 om.
741 2762 860 2796 F.s.v.
972 2758 990 2786 d
1011 2761 1088 2795 ἀλλ’
1111 2762 1147 2796 S.
1178 2762 1269 2796 ἀλλὰ
1289 2763 1341 2796 καὶ
1360 2763 1479 2807 vulgo.
1592 2767 1607 2785 e
1629 2761 1722 2807 ὑμῖν]

212 2814 289 2858 ἡμῖν
311 2815 477 2850 S.Y.O.v.
604 2812 619 2839 f
633 2815 889 2860 ἀποκτίννυσιν]
911 2814 1169 2849 ἀποκτείννυσιν
1188 2816 1269 2849 A.S.
1391 2821 1411 2848 g
1431 2814 1518 2860 νυνὶ]
1544 2816 1602 2848 νῦν
1621 2816 1726 2850 A.r.s.

212 2864 234 2891 h
253 2871 313 2901 τοῦ
333 2880 401 2903 om.
415 2869 557 2903 A.k.r.s.
614 2865 624 2893 i
645 2867 719 2914 ἧκε]
744 2868 813 2912 ἥκει
828 2869 931 2902 A.1·.S.
1001 2865 1022 2893 k
1046 2868 1301 2914 Κηφισόδοτος]
1327 2869 1344 2901 ὁ
1365 2867 1594 2912 κηφισόδοτος
1609 2869 1725 2902 A.k.s.

214 2917 225 2946 ¹
245 2921 433 2968 προσῆκεν]
456 2923 629 2967 προσῆκον
648 2920 688 2964 ἧν
707 2923 849 2955 A.k.1·.S.
979 2927 1009 2945 m
1029 2920 1138 2966 φίλον
1158 2921 1366 2956 F.S.Y.O.v.
1404 2921 1603 2966 Legebatur
1622 2921 1729 2966 φίλον

215 2976 366 3018 ποιῆσαι.
478 2981 498 2999 n
519 2971 580 3020 ὧν]
605 2974 643 3009 ὃν
662 2975 807 3009 correcti
828 2973 976 3008 S.O.r.v‘.
1197 2977 1199 2979 '
