1954 3273
59 150 543 209 On.XX111.p.618‚=
566 154 747 202 -621,9.
832 155 970 192 ΔΗΜ.
1005 154 1146 191 ΚΑΤΑ
1182 153 1455 191 ΑΡΙΣΤΟΚΡ.
1613 147 1693 189 651

180 267 233 301 καὶ
262 267 417 313 Βιάνορα.
459 266 526 312 ἶδίᾳ
553 266 667 302 τοίνυν
695 267 837 302 ἕκαστος
864 269 931 300 τῶν
955 265 1131 306 βασιλέων
1159 265 1258 308 ἤθελε
1287 265 1387 309 χάριν
1415 265 1486 298 τοῖς
1511 261 1700 306 Ἀθηναίοις

180 329 391 373 ποιήσασθαι
420 331 474 365 διὰ
503 332 542 364 τὸ
570 332 661 376 ἔχειν
689 331 811 366 αὐτοὺς
839 331 886 365 εἷς
915 329 1112 373 συμμαχίαν
1140 330 1298 372 εὐμενεῖς,
1329 329 1381 362 καὶ
1413 326 1696 371 συμβουλεύσαν-

180 407 239 428 τος
257 396 318 427 τοῦ
341 394 534 439 Χαριδήμου
560 395 675 428 δοῦναι
702 397 793 437 κοινῇ
819 395 890 428 τοῖς
911 391 1101 436 Ἀθηναίοις
1123 392 1185 435 τὴν
1203 393 1420 437 Χερρόνησον
1440 390 1650 433 ἐπείσθησαν
1670 390 1701 422 οἱ
1714 384 1797 424 620

181 458 340 497 βασιλεῖς
367 458 419 492 καὶ
444 458 621 492 δεδώκασι.
660 461 762 492 τοῦτο
787 459 924 504 γνόντες
950 458 981 491 οἱ
1006 457 1176 500 Ἀθηναῖοι
1202 456 1262 489 τὸν
1285 455 1479 500 Χαρίδημον
1502 454 1698 498 ἐστεφάνω-

183 534 249 553 σαν
269 520 313 555 ὡς
331 520 509 566 εὐεργέτην
528 521 638 554 αὐτῶν
656 523 776 568 χρυσῷ
795 522 969 568 στεφάνῳ,
992 521 1044 554 καὶ
1071 520 1169 554 θετὸν
1191 519 1336 562 πολίτην
1358 519 1459 552 αὐτὸν
1480 516 1697 560 ἐποιήσαντο.
1715 525 1732 554 5

185 579 314 628 ιςγνοὺς
333 583 369 616 δὲ
390 584 408 615 ὁ
428 583 619 628 Χαρίδημος
638 583 690 617 ὅτι
710 585 878 628 φιλοῦσιν
894 582 996 616 αὐτὸν
1016 580 1189 625 ἐδήλωσεν
1208 581 1322 615 αὐτοῖς
1342 580 1396 613 διά
1415 594 1506 613 τινος
1525 576 1702 624 ῙἈριστο-

184 646 297 690 μάχου
324 645 368 680 ὡς
393 644 433 679 ἂν
458 646 652 690 ποιήσωσιν
676 647 872 691 ἀσφάλειαν
897 646 987 693 αὐτῷ
1011 645 1088 690 περὶ
1113 647 1172 687 τῆς
1197 646 1258 677 τοῦ
1286 645 1444 687 σώματος
1470 643 1626 687 φυλακῆς
1651 643 1704 675 καὶ

185 707 237 742 ὅτι
271 708 331 741 οὐκ
366 707 634 749 ἐπιβουλεύεται,
665 709 805 743 δίδωσιν
834 709 948 744 αὐτοῖς
977 708 1038 752 τὴν
1066 706 1288 751 Ἀμφίπολιν,
1321 705 1570 751 ἀφαιρούμενος
1601 704 1705 748 αὐτὴν

185 771 251 805 ἀπὸ
271 772 455 806 Φιλίππου.
493 770 758 817 Ἀριστοκράτης
778 771 836 806 οὖν
855 786 906 807 τις
925 771 1100 814 Ἀθηναῖος
1119 770 1194 804 mefi
1214 771 1460 813 ὑπειλημμένος
1479 769 1612 815 ἔγραψε
1633 783 1701 802 τοι-
1721 778 1759 798 10

185 837 264 868 οῦτο
290 834 474 879 ψήφισμα·
504 837 522 868 ὁ
550 834 704 880 φονεύων
730 834 922 881 Χαρίδημον
947 835 1119 881 ἀγώγιμος
1144 836 1247 873 ἔστω,
1271 832 1363 867 τοῦτ’
1385 834 1483 866 ἔστιν
1508 832 1624 867 ἀκτέος
1650 833 1704 866 ε’πὶ

185 899 225 932 τὸ
252 899 471 941 κολασθῆναι·
504 899 562 932 ἐὰν
587 899 627 932 δέ
648 913 711 939 τις,
732 899 853 943 φησὶν,
877 898 1048 942 ἀφέληται
1076 898 1135 931 τὸν
1160 898 1332 943 ἀγώγιμον
1358 896 1376 940 ἢ
1403 899 1502 932 πόλις
1526 896 1545 939 ἢ
1573 896 1705 939 ἰδιώτης

187 962 239 994 καὶ
269 960 312 995 ὡς
338 961 443 994 εἰπεῖν
469 961 690 1004 ἀντιλάβηται
719 961 833 1001 αὐτοῦ,
860 961 1048 996 ἔκσπονδος
1077 962 1167 995 ἕστω
1195 963 1262 994 τῶν
1286 959 1485 1004 Ἀθηναίων.
1530 960 1755 1002 Εὖθυκλῆς15

187 1026 225 1059 δέ
246 1040 297 1060 τις
317 1026 512 1069 ΠΘριάσιος
531 1027 590 1059 τὸν
609 1026 716 1068 δῆμον
735 1025 923 1064 ἐπελάβετο
947 1028 1007 1058 τοῦ
1034 1024 1264 1070 ψηφίσματος
1291 1024 1335 1059 ὡς
1360 1026 1464 1058 κακῶς
1489 1025 1640 1067 ἔχοντος,
1662 1022 1706 1057 ὡς

187 1091 383 1135 παρανόμου
409 1090 462 1123 καὶ
486 1089 693 1134 ἀσυμφόρου
720 1091 772 1123 καὶ
795 1091 1030 1135 γεγραμμένου
1056 1088 1152 1133 ἀνδρὶ
1178 1088 1313 1135 ἀναξίῳ.
1354 1087 1453 1122 οὗτος
1475 1087 1593 1127 λαβὼν
1616 1086 1707 1131 παρὰ

188 1156 249 1188 τοῦ
269 1154 508 1197 Δημοσθένους
527 1154 586 1187 τὸν
607 1155 725 1199 λόγον,
745 1153 891 1198 χρυσίον
910 1153 1111 1197 παρασχὼν,
1134 1152 1310 1197 κατηγόρει
1329 1153 1389 1184 τοῦ
1409 1150 1705 1195 Ἀριστοκράτους.
1722 1161 1762 1182 20

190 1219 277 1262 ὁρῶν
298 1216 355 1251 οὖν
375 1219 392 1250 ὁ
411 1217 522 1262 ῥήτωρ
542 1217 603 1260 τὴν
622 1217 734 1260 ἁπλῆν
755 1216 920 1250 ὑπόθεσιν
940 1214 1133 1260 ἰσχύουσαν
1151 1216 1212 1259 μὲν
1226 1217 1273 1261 τῷ
1293 1214 1433 1261 νομίμῳ,
1450 1212 1709 1247 κινδυνεύουσαν

190 1281 226 1315 δέ
256 1282 310 1314 διὰ
338 1282 378 1314 τὸ
406 1281 636 1325 προτιμᾶσθαι
668 1281 708 1314 τὸ
740 1280 920 1325 συμφέρον
953 1281 1012 1323 τῆς
1042 1279 1137 1324 ἀξίας
1165 1280 1342 1312 Οὲκάστου
1371 1282 1439 1312 τῶν
1466 1279 1710 1321 λαμβανόντων

190 1345 368 1385 πολλάκις,
398 1346 451 1377 καὶ
483 1345 635 1387 μάλιστα
669 1343 750 1377 ὅταν
780 1344 967 1389 στρατηγοὶ
999 1344 1216 1388 τυγχάνωσιν
1245 1343 1397 1387 ἐπίδοξοι
1430 1343 1484 1376 καὶ
1515 1342 1576 1385 τὴν
1608 1345 1711 1376 πόλιν

192 1407 428 1453 εὖεργετῶσιν,
449 1404 519 1442 οἷος
545 1408 563 1439 ὁ
586 1407 779 1452 Χαρίδημος
801 1408 850 1440 Ρὸ
878 1407 1148 1452 Κερσοβλέπτου
1175 1406 1368 1450 στρατηγὸς
1394 1406 1444 1438 (ἰὸ
1469 1405 1623 1449 ἀδελφὴν
1649 1406 1707 1439 αὐ-
1723 1419 1762 1449 25

191 1473 252 1504 τοῦ
277 1471 365 1515 ἔχων
388 1471 440 1504 καὶ
463 1470 518 1504 διὰ
537 1471 576 1504 τὸ
597 1471 693 1514 δόξαι
713 1470 748 1503 ἐν
767 1472 864 1505 Γτοῖς
888 1470 971 1504 κατὰ
997 1469 1057 1513 τὴν
1083 1468 1301 1514 Χερρόνησον
1327 1467 1362 1502 εὖ
1388 1470 1496 1502 ποιεῖν
1514 1467 1712 1511 Ἀθηναίους

193 1534 336 1579 αἱρεθεὶς
360 1535 553 1579 στρατηγὸς
579 1534 680 1577 αὐτῆς
706 1535 766 1577 τῆς
789 1535 932 1574 πόλεως,
955 1535 1071 1579 ἑτέραν
1094 1533 1229 1578 ἐξεῦρεν
1249 1533 1413 1566 ὑπόθεσιν
1434 1532 1494 1566 Ξέκ
1513 1533 1572 1575 τῆς
1590 1531 1712 1568 οἰκείας

193 1596 394 1641 δεινότητος,
410 1596 449 1640 ἣν
464 1597 653 1630 ἐπιπλέκων
667 1597 824 1642 ταράττει
841 1597 901 1631 τὸν
919 1597 1097 1642 ἀκροατὴν,
1114 1598 1258 1641 φάσκων
1272 1596 1467 1641 γεγράφθαι
1487 1597 1525 1629 τὸ
1540 1595 1712 1641 ψήφισμα
1725 1595 1803 1635 621

193 1661 248 1695 ἐπὶ
267 1660 472 1708 Χερρονήσῳ
491 1662 551 1704 τῆς
569 1663 703 1696 πόλεως
721 1660 904 1705 ἵσχήματι.
940 1662 983 1696 ὡς
1002 1660 1061 1694 οὖν
1081 1660 1190 1695 ub'vra
1209 1661 1424 1706 ἀμφοτέρων,
1443 1663 1502 1694 τοῦ
1522 1675 1558 1695 τε
1580 1666 1712 1707 Κερσο-

193 1725 348 1765 βλέπτου
379 1725 432 1758 καὶ
463 1727 523 1758 τοῦ
557 1723 663 1767 δήμου
696 1727 764 1758 τῶν
791 1723 987 1768 Ἀθηναίων,
1020 1726 1262 1768 Χβουλόμενος
1294 1727 1416 1758 τοῦτον
1443 1724 1627 1769 ἀποτυχεῖν
1654 1727 1712 1768 τῆς

195 1787 320 1831 δωρεᾶς
341 1787 560 1830 Δημοσθένης
584 1787 645 1830 τὴν
670 1787 753 1820 κατὰ
778 1787 838 1830 τὴν
860 1789 1078 1832 Χερρόνησον
1104 1787 1268 1821 ὑπόθεσιν
1293 1786 1465 1830 ἐπέθηκεν,
1487 1787 1534 1822 εἷς
1557 1787 1741 1832 ὑποψίαν5

194 1850 286 1896 ἄγων
310 1851 390 1885 τοὺς
414 1849 608 1890 ἀκούοντας,
635 1851 688 1884 καὶ
713 1851 857 1895 φάσκων
882 1851 919 1894 ἐξ
942 1851 1128 1894 ἐπιβουλῆς
1150 1849 1418 1896 Ἀριστοκράτην
1439 1850 1649 1896 γεγραφέναι
1671 1851 1712 1884 τὸ

195 1913 378 1958 ψήφισμα,
399 1912 452 1947 ἵνα
469 1914 611 1957 μηδενὸς
630 1917 697 1947 τῶν
715 1913 890 1955 βασιλέων
908 1914 1125 1959 ἀναιροῦντος
1144 1914 1246 1948 αὐτὸν
1266 1913 1368 1960 φόβῳ
1387 1915 1447 1957 τῆς
1464 1915 1596 1949 πόλεως
1614 1928 1710 1959 περι-

197 1977 324 2020 ποιὴσῃ
344 1979 636 2022 ΥΚερσοβλέπτης
655 1978 784 2011 Ζπάλιν
803 1978 1033 2023 Χερρόνησον.
1073 1980 1224 2010 τοσαῦτα
1242 1977 1320 2022 περὶ
1338 1978 1397 2020 τῆς
1417 1977 1624 2012 ὑποθέσεως.

199 2053 506 2129 ἈΙΗΔΕΙΣ
539 2080 679 2141 ὑμῶν,
705 2076 742 2128 ὦ
774 2078 935 2143 ἄνδρες
962 2079 1219 2141 Ἀθηναῖοι,
1247 2079 1419 2144 νομίσῃ
1449 2076 1564 2140 μήτε
1598 2077 1714 2130 ἱδιας

253 2240 268 2264 ¹<
290 2242 390 2287 γνοὺς
410 2242 519 2276 codex
542 2241 691 2275 Vindob.
713 2241 807 2286 apud
826 2241 1027 2286 Taylorum.
1067 2240 1268 2285 Legebatur
1287 2241 1368 2274 τοῖς.
1522 2236 1532 2263 l
1554 2237 1713 2284 Ἀριστο-

198 2294 325 2340 μάχου]
351 2295 549 2340 Legebatur
566 2293 828 2338 Ἀριστοδήμου.
868 2293 1075 2328 Col-rectum
1097 2304 1139 2326 ex
1159 2305 1192 2337 p.
1212 2291 1301 2335 624,
1321 2301 1381 2337 27.
1403 2291 1542 2337 Taylori
1562 2291 1713 2326 monitu.

200 2353 231 2372 ¹1¹
251 2346 286 2380 εὖ
306 2347 423 2380 addidi
443 2359 486 2381 ex
505 2348 581 2380 cod.
599 2347 752 2380 Vindob.
919 2352 939 2370 ¹¹
964 2346 1127 2390 Θριάσιος
1146 2345 1309 2379 VVolfius.
1348 2345 1549 2390 Legebatur
1570 2345 1713 2379 Θάσιος.

201 2405 220 2424 0
240 2400 383 2432 ἑκάστου
403 2400 479 2433 cod.
498 2400 650 2433 Vindob.
687 2399 888 2444 Legebatur
906 2398 966 2441 ὑφ’
987 2399 1143 2431 ἑκάστου.
1308 2403 1328 2430 P
1349 2399 1366 2430 ὁ
1387 2398 1568 2442 Taylorus.
1603 2397 1716 2442 Lege-

201 2452 304 2485 batur
323 2452 386 2485 καί.
498 2459 515 2485 (1
539 2453 557 2484 ὁ
576 2452 747 2497 ἀδελφὴν]
772 2451 816 2486 ὡς
834 2451 987 2495 ἀδελφὴν
1008 2451 1083 2484 cod.
1100 2450 1256 2484 Vindob.
1288 2451 1341 2483 καὶ
1359 2450 1514 2494 ἀδελφὴν
1533 2450 1714 2494 Taylorus.

204 2511 219 2530 ¹·
238 2505 309 2538 τοῖς
328 2505 406 2538 cod.
423 2503 577 2537 Vindob.
614 2504 812 2549 Legebatur
831 2506 888 2549 τῷ.
989 2508 1003 2527 S
1024 2503 1059 2535 ἐκ
1077 2502 1229 2546 τῆς-ἣν
1248 2503 1365 2536 addidi
1385 2515 1426 2536 ex
1449 2503 1526 2536 cod.
1544 2502 1715 2541 Vindob.,

204 2556 240 2590 in
260 2568 329 2601 quo
349 2555 402 2590 ἵνα
421 2556 612 2589 ἐπιπλέκειν
630 2557 761 2601 πράττῃ
783 2555 951 2600 scriptum
966 2560 1030 2595 est,
1049 2555 1104 2588 cui
1124 2555 1262 2600 praetuli
1281 2554 1319 2598 ἣν
1339 2555 1529 2588 ἐπιπλέκων
1545 2555 1716 2599 ταράττει,

205 2609 300 2653 quod
332 2608 460 2653 legitur
491 2609 585 2653 apud
617 2609 791 2642 Joannem
824 2608 1023 2642 Sieeliotam
1056 2607 1093 2640 in
1121 2607 1246 2641 Walzii
1275 2608 1379 2641 Rhet.
1406 2608 1475 2641 vol.
1499 2606 1537 2642 6.
1566 2619 1600 2651 p.
1630 2606 1715 2651 183.

204 2659 219 2685 t
239 2660 406 2705 σχήματι]
430 2659 570 2703 κτήματι
588 2661 750 2694 Wolfius.
861 2666 882 2685 ¹1
902 2659 982 2694 ὅντα
1001 2659 1118 2693 addidi
1138 2672 1180 2693 ex
1200 2661 1276 2694 cod.
1294 2661 1447 2694 Vindob.
1550 2665 1570 2683 X
1589 2660 1717 2699 βουλό-

205 2727 304 2756 μενος
329 2715 450 2746 τοῦτον
474 2713 655 2756 ἀποτυχεῖν
681 2713 756 2746 eod.
779 2713 930 2746 Vindob.
979 2713 1178 2757 Legebatur
1204 2713 1256 2746 καὶ
1283 2713 1495 2755 βουλομένου
1520 2710 1716 2756 Χαριδήμου

205 2763 327 2807 ταύτης
346 2764 528 2808 ἐπιτυχεῖν.
562 2765 711 2798 Wolfius
730 2770 845 2798 totum
864 2765 981 2798 locum
1001 2765 1049 2798 sic
1069 2765 1299 2810 corrigebat‘
1283 2780 1327 2799 ως
1346 2779 1405 2798 ουν
1423 2763 1638 2808 ἀμφοτέρων,
1654 2764 1716 2795 τοῦ

205 2830 243 2850 τε
263 2818 532 2861 Κερσοβλεπτου
548 2817 600 2850 καὶ
618 2819 679 2850 τοῦ
698 2816 902 2862 Χαριδήμου,
915 2818 1126 2859 βουλομένου
1143 2818 1233 2860 (imo
1242 2818 1471 2861 βουλομένων,
1485 2816 1580 2861 quod
1598 2815 1718 2860 posuit

206 2868 367 2913 Jurinus)
388 2872 470 2902 κατὰ
488 2871 550 2902 τοῦ
569 2868 676 2912 δῆμου
694 2872 760 2902 τῶν
778 2868 962 2913 Ἀθηναίων
980 2868 1103 2912 ταύτης
1122 2869 1359 2913 ἐπιτυχεῖν-.
1543 2873 1559 2896 ³
1583 2872 1715 2911 Κερσο-

205 2921 373 2966 βλέπτης]
400 2922 647 2966 Κερσοβλέπτῃ
670 2922 864 2957 Bekkerus.
976 2927 993 2946 Ζ
1013 2922 1117 2955 πάλιν
1136 2933 1205 2956 om.
1226 2933 1278 2966 pr.
1302 2922 1340 2955 F.
