1954 3273
72 210 184 254 —70
194 214 227 253 1,
249 220 278 246 1.
664 209 806 247 ΚΑΤΑ
835 207 1241 246 ΤΙΜΟΚΡΑΤΟΎΣ.
1629 205 1708 248 731

195 321 349 355 λε’στατα
374 319 563 368 εἴργασται,
591 322 630 356 τὸ
656 321 693 356 δέ
719 321 846 356 δίκαιον
873 321 926 355 καὶ
953 320 993 355 τὸ
1019 320 1200 365 συμφέρον
1227 320 1281 354 καὶ
1307 320 1348 353 τὸ
1376 320 1519 354 δυνατὸν
1546 319 1712 364 ἀλλήλοις

195 384 439 429 συμπλέκεται.
481 386 533 420 καὶ
561 386 601 420 τὸ
629 387 691 431 μέν
718 385 897 431 συμφέρον
925 384 960 419 ἐν
985 382 1119 418 τούτοις
1147 382 1223 417 ἐστὶ
1250 383 1290 416 τὸ
1316 382 1583 428 προηγούμενον,
1611 397 1710 418 κατα-

196 450 391 492 σκευάζεται
417 451 452 484 δὲ
478 451 531 485 διά
559 465 596 484 τε
623 452 683 484 τοῦ
708 448 836 484 δικαίου
865 449 917 483 καὶ
945 451 1006 482 τοῦ
1033 447 1148 481 ἀδίκου
1177 448 1230 481 καὶ
1258 449 1319 480 τοῦ
1345 447 1522 481 ἀδυνάτου·
1552 448 1620 481 πᾶν
1644 448 1710 494 γὰρ
1725 460 1763 481 10

195 514 310 547 ἄδικον
335 515 388 548 καὶ
414 514 631 561 ἀσύμφορον.
673 517 720 562 τῷ
747 513 777 548 δ’
800 514 890 561 αὐτῷ
919 513 972 547 καὶ
1000 512 1077 556 περὶ
1107 513 1169 546 τοῦ
1194 511 1360 545 ἀδυνάτου
1384 512 1536 554 βιάζεται
1560 513 1711 557 χρῆσθαι

196 580 302 626 λόγῳ·
334 577 351 612 ὃ
374 579 440 625 γὰρ
459 578 622 613 ἀδύνατόν
641 580 742 624 φησι,
763 579 865 612 τοῦτο
891 577 932 621 δὴ
958 577 1011 611 καὶ
1033 575 1251 622 ἀσύμφορον.
1292 576 1344 610 καὶ
1369 576 1483 620 ἐπειδὴ
1503 578 1712 622 Τιμοκράτης

196 643 305 679 πολύς
330 643 406 677 ἐστι
431 646 472 686 τῇ
499 643 738 689 φιλανθρωπίᾳ
762 645 823 677 τοῦ
851 644 954 685 νόμου
980 643 1165 688 χρώμενος,
1187 640 1270 685 αὕτη
1290 642 1326 675 δέ
1350 642 1405 676 ἐπὶ
1426 642 1466 675 τὸ
1485 642 1613 676 δίκαιον
1631 642 1709 677 ἀνα·
1724 648 1759 680 15

197 708 340 753 φέροιτο
365 705 417 750 ἂν,
439 708 494 741 διὰ
518 710 618 742 τοῦτο
644 706 862 751 Δημοσθένης
886 709 1061 751 πανταχοῦ
1089 709 1137 754 τῷ
1165 706 1358 754 ἅσυμφόρῳ
1385 707 1557 752 κέχρηται,
1584 707 1712 743 δεικνὺς

197 771 368 815 ἐπιβλαβῆ
389 772 441 806 καὶ
460 770 633 815 ἐπιζήμιον
651 771 862 817 τυγχάνοντα
881 772 921 814 τῇ
940 772 1040 805 πόλει
1058 771 1118 804 τὸν
1137 771 1250 814 νόμον.

763 871 783 893 ‘3

198 849 360 925 ΤΟΥ
398 873 482 937 μὲν
519 876 712 939 ἀγῶνος,
748 897 785 924 ω
818 873 1007 940 Ῑᾶνδρες
1045 874 1324 935 ωδικασταὶ,
1360 878 1443 924 τοῦ
1480 873 1712 939 παρόντος
1725 894 1806 936 700

197 957 289 1006 οὐδ’
331 954 389 1006 ἂν
432 956 573 1008 αὐτὸν
617 955 743 1021 οἶμαι
781 956 1082 1022 Τιμοκράτην
1120 960 1261 1007 εἰπεῖν
1301 959 1363 1010 ὡς
1401 954 1544 1009 αἴτιός
1583 958 1714 1006 ἐστιν

197 1040 348 1094 ἄλλος
388 1064 456 1094 τις
494 1042 618 1110 αὐτῷ
659 1040 786 1105 πλὴν
825 1041 962 1094 αὐτὸς
1002 1042 1141 1110 αὐτῷ.
1205 1040 1460 1107 χρημάτων
1497 1039 1591 1106 γὰρ
1630 1041 1713 1090 οὐκ

196 1124 374 1189 ὀλίγων
399 1127 725 1191 ἀποστερῆσαι
755 1124 1045 1188 βουλόμενος
1077 1124 1162 1189 τὴν
1195 1123 1352 1186 πόλιν,
1378 1123 1507 1190 παρὰ
1532 1123 1738 1178 mimam

198 1207 304 1262 τοὺς
331 1209 498 1272 νόμους
525 1208 666 1273 νόμον
692 1209 957 1275 εἰσήνεγκεν
987 1212 1083 1260 οὔτ’
1111 1209 1366 1273 ἐπιτήδειον
1392 1211 1495 1260 οὕτε
1522 1210 1713 1272 δίκαιον,

161 1289 235 1345 263
269 1292 431 1358 ἄνδρες
467 1293 700 1344 δικασται”
748 1292 798 1346 ὃς
836 1293 895 1343 τὰ
932 1292 1017 1357 μὲν
1053 1293 1161 1343 ἄλλ’
1196 1293 1290 1343 ὅσα
1329 1297 1600 1356 λυμανεῖται
1638 1294 1713 1342 καὶ

196 1382 350 1444 χεῖρον
384 1376 503 1443 ἔχειν
536 1377 594 1427 τὰ
629 1376 760 1428 κοινὰ
796 1377 996 1442 ποιήσει,
1028 1378 1182 1445 κύριος
1216 1382 1254 1428 εὶ
1291 1377 1554 1443 γενήσεται,
1590 1376 1713 1444 τάχα

197 1460 253 1524 δὴ
286 1462 386 1511 καθ’
416 1461 616 1512 ἕκαστον
651 1460 896 1514 ἀκούοντες
931 1463 1042 1525 ἐμοῦ
1077 1460 1369 1525 μαθήσεσθε,
1397 1459 1445 1511 ἓν
1479 1461 1532 1523 δ’,
1567 1458 1591 1510 ὃ
1624 1460 1705 1524 μέ-
1725 1479 1763 1501 ¹0

197 1567 366 1610 γιστον
410 1544 502 1612 ἔχω
547 1547 621 1595 καὶ
665 1545 1030 1613 προχειρότατον
1076 1543 1228 1612 ι’πρὸς
1275 1547 1392 1609 ὑμᾶς
1437 1549 1590 1608 εἰπεῖν,
1631 1546 1713 1596 οὐκ

196 1629 570 1697 0ἀποτρέψομαι·
613 1628 698 1693 τὴν
728 1629 822 1696 γὰρ
857 1630 1078 1696 ὑμετέραν
1111 1633 1296 1698 ψῆφον,
1329 1629 1386 1694 ἢν
1418 1629 1712 1693 ὀμωμοκότες

195 1713 300 1777 περὶ
332 1711 523 1763 πάντων
554 1713 730 1780 φέρετε,
761 1714 862 1764 λύει
898 1715 972 1763 καὶ
1007 1717 1131 1763 ποιεῖ
1162 1719 1244 1763 τοῦ
1282 1713 1478 1777 μηδενὸς
1513 1713 1651 1782 ἀξίαν
1687 1714 1712 1762 ὁ

158 1800 378 1857 3τουτουὶ
405 1795 558 1859 νόμος,
586 1797 672 1864 οὐχ
697 1797 772 1847 ἵνα
797 1801 926 1865 κοινῇ
953 1805 1023 1848 Ρτι
1049 1797 1134 1861 τὴν
1159 1796 1302 1848 πόλιν
1329 1799 1562 1866 ὠφελήσῃ
1591 1798 1710 1861 (πῶς
1728 1816 1761 1849 ¹5

196 1877 324 1944 γάρς
377 1879 426 1933 ὅς
463 1903 532 1945 γε,
572 1878 603 1931 ἃ
640 1883 767 1931 δοκεῖ
806 1881 1020 1948 συνέχειν
1060 1880 1146 1945 τὴν
1183 1882 1439 1942 πολιτείαν,
1478 1880 1537 1931 τὰ
1577 1885 1705 1932 δικα-

196 1963 383 2029 στήρια,
410 1971 557 2015 ταῦτα
591 1966 738 2031 ἄκυρα
772 1970 897 2017 ποιεῖ
927 1971 1021 2017 τῶν
1053 1965 1456 2033 προστιμημάτων
1483 1970 1606 2016 ᾳτῶν
1637 1968 1711 2017 ἐπὶ

196 2052 292 2100 τοῖς
325 2047 608 2112 ἀδικήμασιν
643 2051 693 2099 ἐκ
727 2054 820 2099 τῶν
854 2048 1009 2113 νόμων
1043 2049 1335 2118 ὡρισμένων)
1368 2052 1481 2100 ἀλλ’
1508 2050 1583 2100 ἵνα
1617 2054 1712 2101 τῶν

195 2131 349 2182 πολὺν
397 2131 569 2199 χρόνον
618 2134 734 2197 ὑμᾶς
784 2132 902 2186 τινες
951 2133 1371 2200 ἐκκεκαρπωμένων
1421 2136 1497 2184 καὶ
1546 2133 1712 2184 πολλὰ

195 2219 290 2265 τῶν
332 2216 561 2282 ὑμετέρων
599 2216 922 2284 διηρπακότων
965 2219 1070 2282 μηδ’
1112 2215 1143 2267 ἂ
1179 2217 1458 2271 κλέπτοντες
1497 2222 1710 2287 φανερῶς
1725 2240 1765 2260 20

159 2299 513 2369 4Γέλήφθησαν
555 2306 811 2353 καταθῶσι.
875 2305 950 2353 καὶ
993 2301 1239 2373 Ξτοσούτῳ
1285 2301 1401 2372 ῥᾷόν
1445 2304 1577 2353 ἐστιν
1620 2304 1711 2372 ἰδία

197 2383 326 2438 τινὰς·
364 2385 632 2451 θεραπεύειν
666 2386 695 2451 ἢ
730 2391 822 2437 τῶν
859 2386 1089 2453 ὑμετέρων
1123 2387 1336 2438 ἴδικαίων
1372 2385 1710 2453 προΐστασθαι,

197 2466 322 2518 ὥστε
349 2469 482 2523 οὗτος
507 2469 591 2533 μὲν
612 2470 705 2537 ἔχει
730 2472 837 2537 παρ’
859 2472 1042 2522 ἐκείνων
1067 2471 1290 2538 ἀργύριον
1311 2474 1387 2522 καὶ
1408 2472 1462 2522 οὐ
1481 2472 1710 2538 πρότερον

1279 2555 1290 2570 9
1351 2555 1366 2572 N

197 2556 218 2576 ¹¹
233 2556 399 2601 τοῦτον
416 2550 681 2618 εἰσήνεγκεν
698 2553 812 2619 ὑπὲρ
829 2554 982 2604 αὐτῶν
997 2552 1080 2605 τὸν
1096 2550 1252 2617 νόμον,
1268 2577 1368 2617 εμοι
1387 2554 1451 2604 Χδ’
1473 2555 1522 2604 ἐν
1536 2554 1711 2620 χιλίαις
1726 2570 1803 2614 701

252 2719 262 2746 l
282 2721 399 2768 ἄνδρες
418 2735 487 2758 om.
509 2729 548 2758 ut
568 2725 693 2766 solent,
713 2726 793 2760 A.k.
891 2732 922 2750 m
942 2726 1098 2761 δικασταὶ
1117 2739 1188 2763 om.
1210 2740 1239 2763 s.
1337 2733 1358 2752 n
1376 2727 1461 2772 πρὸς
1480 2727 1564 2770 ὑμᾶς
1583 2726 1706 2772 εἰπεῖν]

199 2775 305 2809 εἰπεῖν
323 2776 409 2821 πρὸς
428 2777 512 2820 ὑμᾶς
530 2790 563 2812 v.
635 2783 653 2803 0
673 2778 929 2825 ἀποτρέψομαι]
953 2779 1195 2826 ἀποκρύψομαι
1214 2795 1270 2827 γρ.
1294 2781 1360 2815 Sr.
1436 2785 1454 2813 P
1473 2794 1506 2813 τι
1526 2792 1595 2813 om.
1613 2779 1656 2813 O.
1676 2786 1712 2813 et

200 2840 346 2873 gramm.
367 2829 403 2862 in
424 2830 577 2864 Bekkeri
596 2832 727 2865 Anecd.
748 2844 782 2877 p.
804 2843 889 2879 149,
908 2840 966 2879 17.
1130 2840 1150 2867 q
1168 2837 1236 2868 τῶν
1254 2834 1361 2868 habet
1380 2845 1449 2867 ree.
1474 2833 1521 2873 S„
1543 2832 1712 2866 omittunt

200 2881 336 2915 codices
357 2883 462 2916 ceteri
481 2896 614 2925 omnes,
635 2885 740 2919 etiam
761 2886 815 2926 B„
836 2886 878 2919 de
897 2898 966 2931 quo
985 2887 1095 2921 tacuit
1115 2887 1292 2921 Reiskius.
1453 2891 1468 2910 Γ
1488 2884 1708 2930 ἐλήφθησαν]

200 2932 421 2979 ἦλέγχθησαν
439 2937 570 2971 Anecd.
590 2938 614 2972 l.
632 2949 661 2972 c.
754 2944 768 2962 S
789 2937 960 2985 τοσούτῳ]
985 2943 1132 2974 τοσοῦτο
1151 2934 1186 2975 k.
1281 2939 1295 2965 t
1314 2938 1464 2984 δικαίων]
1489 2938 1622 2974 δικαίως
1643 2938 1711 2973 S.r.

200 2991 221 3011 ¹1
240 2988 378 3034 τοῦτον]
402 2987 530 3023 τούτων
549 3002 576 3024 r.
688 2997 706 3015 Χ
727 2990 755 3025 δ’
778 2991 826 3037 ἐν]
850 2992 885 3026 δέ
905 2993 1060 3027 F.S.Y.r.
1081 2999 1116 3028 et
1134 3006 1185 3039 pr.
1205 2993 1248 3028 O.
1278 2993 1347 3027 δεῖν
1366 3006 1420 3038 γρ.
1443 2992 1482 3025 F.
