1954 3273
131 291 185 345 69

196 172 280 214 750
738 174 1166 213 ΔΗΜΟΣΘΕΝΟΥΣ
1284 171 1365 212 οη.
1385 170 1561 212 XXIV.
1583 184 1622 226 p.
1632 154 1738 225 ‘7192
1757 186 1831 210 s-

333 284 344 299 ’
425 285 463 301 ,Α
542 282 554 300 Ι
706 285 717 300 D
791 285 802 300 ἱ
853 283 872 302 ἢ
948 283 962 299 X
1083 285 1094 300 5
1131 282 1146 300 Χ
1309 283 1323 301 Ι
1524 282 1538 301 Χ
1658 287 1679 298 Α

272 287 378 334 Ουκ
413 307 466 353 εᾳ
502 307 647 348 νομον
690 290 790 335 αλλ
848 308 877 348 η
917 306 999 335 τον
1039 306 1182 335 αυτον
1219 288 1392 336 τιθεναι
1423 306 1544 334 κατα
1579 289 1711 334 ιιτων

196 371 408 418 πολιτῶν
451 367 654 429 πάντων,
699 371 856 420 καλῶς
903 369 979 417 καὶ
1024 369 1283 431 δημοτικῶς
1329 367 1500 432 λέγων.
1548 365 1711 433 ὥσπερ

196 451 289 517 γὰρ
326 454 409 515 τῆς
449 452 604 515 ἄλλης
644 451 881 503 πολιτείας
917 449 1025 501 ἴσον
1062 450 1279 514 μέτεστιν
1322 449 1522 519 ἑκάστῳ,
1559 451 1711 501 ¹01‘5Tco
1726 474 1765 496 10

198 536 274 585 καὶ
299 533 477 585 τούτων
502 534 610 584 ἰ’σον
643 532 851 599 μετέχειν
886 532 1088 582 ἕκαστον
1114 532 1249 601 ἀξιοῖ.
1289 533 1343 583 δι’
1382 532 1460 585 οὓς
1493 531 1578 595 μὲν
1611 533 1709 583 τοί-

200 641 282 668 νυν
317 618 452 671 οὗτος
488 617 698 685 εἰσέφερε
726 615 842 667 γτὸν
869 614 1031 678 νόμον,
1055 622 1072 642 ²
1092 617 1218 678 ὑμεῖς
1253 615 1385 666 οὐδὲν
1419 617 1531 678 ἐμοῦ
1561 620 1716 682 χεῖρον

199 701 503 766 γιγνώσκετε·
546 700 655 750 ἄνευ
694 699 743 750 δὲ
783 699 962 750 τούτων
1003 698 1140 753 αὐτὸς
1181 699 1498 765 θὼμολόγησε
1539 698 1604 763 μὴ
1642 701 1717 751 ἐπὶ

198 788 320 835 πᾶσι
358 782 442 834 τὸν
473 782 615 835 αὐτὸν
651 783 910 845 τεθεικέναι,
943 782 1074 846 πλὴν
1111 786 1216 850 περὶ
1254 788 1348 834 τῶν
1385 787 1602 834 τελωνῶν
1640 784 1716 834 καὶ

197 871 292 918 τῶν
307 866 637 930 μισθουμένων
657 869 734 917 καὶ
753 871 848 917 τῶν
867 866 1045 917 τούτων
1065 868 1306 932 ἐγγυητῶν
1326 869 1534 933 χρῆσθαι
1558 890 1713 932 προσ-
1729 887 1764 918 15

197 949 392 1018 γράψας
429 953 496 1018 τῷ
533 948 675 1018 νόμῳ.
718 950 884 1000 οὐκοῦν
910 950 1042 1000 ὁπότ’
1070 951 1166 1000 εἰσί
1198 973 1317 1004 τινες
1355 950 1432 1003 οὓς
1468 951 1712 1017 ἀφορίζεις,

132 1034 317 1090 7οὒοὐκ
356 1031 414 1085 ἂν
448 1033 515 1084 ἔτι
553 1033 646 1097 εἰἠς
684 1035 758 1084 ε’πῖ
792 1038 915 1084 πᾶσι
947 1033 1029 1084 τὸν
1064 1033 1205 1085 αὐτὸν
1239 1034 1468 1088 τεθεικώς.
1511 1036 1586 1085 καὶ
1621 1033 1716 1098 μὴν

137 2049 186 2091 71

197 1120 294 1169 οὐδ’
337 1115 480 1169 ἐκεῖνό
517 1118 560 1183 γ’
602 1117 659 1168 ἂν
696 1117 854 1180 εἴποις,
894 1119 955 1171 ὡς
991 1117 1123 1171 ὅσοις
1163 1121 1341 1180 δεσμοῦ
1380 1122 1713 1183 προστιμᾶται,

198 1201 408 1252 ετούτων
445 1199 694 1265 ἀμάλιστα
733 1198 762 1264 ὴ
803 1199 863 1251 τὰ
902 1200 1108 1266 μέγιστα
1140 1203 1381 1252 ἀδικοῦσιν
1426 1205 1467 1252 οἱ
1499 1206 1711 1264 τελῶναι,
1727 1229 1768 1250 20

199 1283 324 1336 ὥστε
357 1283 515 1348 μόνοις
541 1285 696 1338 αὐτοῖς
730 1283 795 1348 μὴ
830 1287 1108 1346 μεταδοῦναι
1146 1290 1228 1335 τοῦ
1267 1283 1426 1347 νόμου.
1469 1284 1596 1335 πολὺ
1621 1284 1714 1350 γὰρ

200 1367 350 1432 δήπου
374 1372 565 1431 μᾶλλον
591 1371 633 1418 οἱ
658 1367 956 1434 προδιδόντες
981 1390 1025 1418 τι
1057 1372 1151 1418 τῶν
1178 1376 1193 1393 ⁶
1211 1372 1389 1430 κοινῶν,
1415 1367 1430 1394 f

1435 1372 1474 1419 οἱ
1501 1368 1607 1422 τοὺς
1634 1391 1718 1434 γο-

202 1451 305 1504 νέας
345 1458 365 1486 g
382 1456 643 1512 κακοῦντες,
684 1449 764 1501 hoi
806 1449 872 1514 μὴ
914 1449 1148 1516 ἰκαθαρὰς
1190 1450 1272 1504 τὰς
1318 1456 1475 1518 χεῖρας
1519 1451 1715 1518 ἔχοντες,

201 1533 423 1586 εἰσιόντες
454 1536 494 1583 δ’
522 1536 585 1585 εἰς
619 1531 705 1596 τὴν
731 1531 922 1599 ἀγορὰν,
949 1535 1207 1584 ἀδικοῦσιν.
1251 1534 1317 1587 οἷς
1353 1534 1534 1585 ἅπασιν
1560 1538 1602 1585 οἱ
1632 1533 1716 1597 μὲν
1729 1556 1766 1588 25

202 1616 487 1684 ὑπάρχοντες
522 1614 654 1679 νόμοι
680 1615 858 1679 δεσμὸν
882 1617 1216 1683 προλέγουσιν,
1242 1618 1266 1668 ὁ
1295 1617 1342 1668 δὲ
1369 1617 1457 1671 σὸς
1482 1617 1718 1669 λελύσθαι

203 1701 412 1751 δίδωσιν.
455 1702 569 1750 ἀλλ’
603 1700 802 1750 ἐνταῦθα
840 1698 987 1751 πάλιν
1024 1700 1331 1764 καταμηνύεις
1370 1700 1483 1767 ὑπὲρ
1520 1699 1585 1752 ῶν
1622 1702 1713 1752 ἐτί-

203 1789 312 1838 θεις·
356 1782 433 1833 διὰ
457 1781 550 1848 γὰρ
583 1781 637 1833 τὸ
663 1780 728 1846 μὴ
754 1780 1119 1845 τελωνήσαντας
1151 1782 1358 1850 ὀφείλειν
1383 1781 1561 1846 αὐτοὺς,
1587 1782 1720 1834 ἀλλὰ

203 1868 490 1936 κλέψαντας,
517 1871 707 1931 μᾶλλον
734 1868 775 1916 δ’
804 1865 1113 1932 ἁρπάσαντας
1142 1866 1202 1917 τὰ
1233 1866 1465 1934 χρήματα,
1492 1866 1568 1919 διὰ
1593 1868 1716 1918 τοῦτ’

204 1953 286 2003 οὐκ
312 1951 608 2019 ἐφρόντισας,
635 1948 775 2014 οἶμαι,
801 1955 897 2001 τῶν
920 1955 1153 2004 τελωνῶν.
1734 1977 1817 2019 720

280 2034 504 2088 Πολλοὺς
536 2036 573 2084 δ’
603 2034 661 2084 ἄν
687 2033 798 2088 1(τις
828 2034 926 2102 ε”χοι
964 2035 1132 2099 νόμους
1170 2037 1235 2087 ε”τι
1275 2039 1350 2088 καὶ
1385 2041 1543 2090 καλῶς
1580 2037 1716 2104 ἕχον-

207 2243 329 2288 quiore
349 2242 454 2276 unius
472 2254 592 2276 versus
613 2243 726 2288 spatio
746 2243 998 2289 comprehensa
1012 2242 1119 2276 fuisse
1134 2242 1239 2276 verba
1258 2241 1477 2275 ἐὰν-»πᾶσιν
1491 2242 1721 2288 vocabulique

207 2295 395 2339 Ἀθηναίοις
413 2301 485 2329 tres
511 2296 660 2341 syllabas
685 2297 827 2341 primas.
888 2296 1054 2330 Similiter
1075 2307 1183 2341 quum
1206 2307 1326 2329 versus
1352 2307 1443 2328 unus
1468 2296 1722 2340 praeteriuissus

208 2349 251 2383 ab
271 2349 412 2382 librario
432 2354 534 2388 essct,
555 2349 715 2383 vocabuli
732 2351 865 2384 πόλεως
894 2350 1034 2394 syllabae
1056 2350 1133 2383 dua:
1163 2349 1295 2382 ultimae
1315 2354 1453 2382 tantum
1482 2349 1611 2382 relictae
1641 2354 1723 2382 sunt

208 2402 243 2436 in
264 2403 343 2435 A.k.
364 2414 400 2447 p.
419 2412 510 2446 312,
533 2400 568 2435 8.
679 2401 693 2426 t
712 2402 805 2448 τιθῇ]
829 2403 1031 2436 Addebatur
1051 2402 1306 2445 ψηφισαμένων
1321 2402 1364 2444 μὴ
1384 2402 1530 2434 ἔλαττον
1550 2403 1723 2446 ἑξακισχι-

207 2455 291 2489 λίων
310 2452 360 2489 οἷς
378 2453 418 2488 ἂν
439 2455 521 2498 δόξῃ
542 2453 689 2499 κρύβδην
708 2455 969 2500 ψηφιζομένοις.
1002 2456 1117 2489 Verba
1134 2455 1206 2499 jain
1221 2455 1371 2500 Tayloro
1392 2461 1554 2500 suspecta
1577 2456 1725 2489 delenda

209 2520 284 2542 esse
304 2508 391 2541 vidit
411 2508 620 2542 Schaeferus.
673 2508 775 2543 lllata
795 2514 877 2542 sunt
906 2521 948 2542 ex
976 2521 1010 2554 p.
1035 2518 1124 2555 715,
1149 2519 1181 2543 2.
1231 2508 1312 2542 Non
1333 2508 1498 2554 leguntur
1519 2521 1551 2554 p.
1575 2508 1665 2555 649,
1687 2519 1723 2555 5.

208 2561 268 2595 ubi
283 2561 340 2595 lex
359 2561 481 2595 eadem
500 2561 700 2606 apponitur.
857 2569 876 2588 U
903 2565 969 2596 τῶν
988 2564 1139 2595 πολιτῶν
1158 2560 1309 2607 πάντων]
1336 2562 1470 2595 πάντων
1489 2564 1555 2594 τῶν
1573 2563 1725 2595 πολιτῶν

209 2615 321 2649 A.k.s.
457 2619 477 2638 Χ
497 2612 783 2648 οὕτω-ἕκαστον
802 2627 872 2649 om.
892 2616 1003 2649 A.k.s.
1034 2613 1121 2648 οὕτω
1141 2615 1193 2648 καὶ
1212 2615 1288 2659 περὶ
1308 2613 1432 2647 τούτου
1452 2626 1520 2648 rec.
1545 2626 1666 2660 margo
1685 2615 1722 2649 k.

209 2674 227 2701 y
257 2669 318 2701 τὸν
343 2668 445 2710 νόμον
470 2678 539 2701 om.
567 2668 671 2702 A.S.s
712 2673 746 2701 et
773 2680 824 2712 pr.
852 2669 888 2702 k.
1046 2674 1063 2693 Ζ
1096 2668 1188 2712 ὑμεῖς
1217 2667 1330 2713 οὐδὲν]
1360 2668 1458 2701 οὐδὲν
1490 2667 1583 2711 ὑμεῖς
1612 2668 1723 2702 A.k.s.

209 2726 227 2745 ²²
248 2719 468 2767 ὡμολόγησε]
492 2720 687 2765 ὡμολόγηκε
707 2721 944 2755 A.Y.O.k.r.s.
1041 2717 1060 2746 b
1082 2722 1141 2755 οὐκ
1161 2719 1199 2754 ἂν
1218 2722 1267 2755 ἔτι
1286 2720 1354 2764 εἴης
1373 2720 1445 2766 ἐπὶ]
1471 2719 1578 2754 οὐκέτ’
1597 2720 1638 2754 ιῖν
1656 2719 1725 2764 εἴης

777 2779 797 2794 01
809 2780 814 2784 ”

207 2807 258 2840 ἔτι
278 2807 333 2841 ἐπὶ
352 2819 380 2842 r.
491 2811 508 2832 ⁰
523 2805 669 2852 τούτων]
694 2806 821 2840 τούτων
837 2808 876 2841 F.
904 2806 1037 2842 τούτοις
1056 2821 1110 2853 γρ.
1133 2807 1168 2840 S.
1278 2802 1297 2831 (Ῑ
1315 2806 1486 2852 μάλιστα]
1510 2807 1552 2840 τὰ
1570 2807 1723 2850 μάλιστα

208 2860 320 2894 A.k.s.
476 2864 492 2885 e
521 2858 657 2904 κοινῶν]
691 2862 808 2893 κοινῶν
838 2859 855 2902 ἦ
885 2860 1125 2895 A.Y.O.k.r.s.
1283 2858 1291 2881 s
1319 2860 1368 2906 οἱ]
1400 2859 1470 2903 ἢοῖ
1490 2872 1509 2893 a
1526 2871 1570 2893 m.
1591 2871 1661 2894 sec.
1685 2860 1721 2893 S.

209 2918 230 2946 g
249 2913 442 2959 κακοῦντες]
462 2914 643 2947 καλοῦντες
659 2913 769 2947 A.k.s.
895 2910 915 2937 h
934 2913 983 2959 οἱ]
1009 2913 1027 2956 ἣ
1048 2915 1079 2947 οἱ
1098 2912 1332 2947 A.Y.O.k.r.s.
1471 2909 1481 2937 i
1501 2912 1647 2958 καθαρὰς
1664 2913 1724 2948 τὰς

210 2965 340 3012 χεῖρας]
364 2968 424 3001 τὰς
443 2968 558 3010 χεῖρας
577 2966 722 3010 καθαρὰς
741 2966 807 2999 A.k
825 2978 852 2999 s.
966 2964 982 2988 k
1005 2981 1054 3001 τις
1073 2966 1164 3012 ἕχοι]
1188 2967 1261 3010 ἔχοι
1281 2980 1329 3000 τις
1350 2978 1378 2999 r.
