1954 3273
231 191 314 233 714
769 193 1196 233 ΔΗΜΟΣΘΕΝΟΎΣ
1274 190 1358 230 On.
1380 189 1574 230 XXIII.
1595 204 1637 245 p.
1654 189 1753 239 680,
1766 202 1865 230 22-

232 328 321 368 μον
371 303 620 368 δυνάμεως,
670 303 803 359 εὐθὺς
852 304 1064 371 ἐνεχείρει
1103 302 1406 356 8καταλύσας
1457 304 1533 353 καὶ
1576 304 1734 353 ἀπαλ-

232 388 383 456 λάξας
410 386 517 442 τοὺς
552 388 634 439 δύο
668 392 751 452 τῆς
784 391 931 455 ἀρχῆς
967 392 1131 439 πᾶσαν
1157 388 1234 453 ὑφ’
1264 388 1411 455 ἑαυτῷ
1447 386 1742 449 ποιήσασθαι

231 472 316 534 τὴν
342 470 504 538 ἀρχὴν,
530 472 653 541 ἔργῳ
677 477 841 537 πεῖραν
865 472 985 539 ἔχων
1011 471 1081 522 ὅτι
1115 475 1210 521 τῶν
1234 469 1352 535 πρὸς
1379 471 1496 533 ὑμᾶς
1521 469 1652 519 οὐδὲν
1676 469 1741 533 μὴ

136 570 160 598 2
173 568 217 612 ¹5
232 559 406 623 δυνηθῇ
432 554 659 621 πρότερον
680 561 840 618 λῦσαι,
859 557 969 621 πρὶν
989 554 1046 605 ἂν
1067 553 1248 622 ἐκβάλῃ
1274 553 1481 606 τούτους.
1523 553 1599 603 ἵνα
1618 554 1656 604 δ’
1679 556 1740 607 ὡς
1755 576 1792 609 25

1113 635 1321 687 ι)τοιοῦτο
1358 636 1467 701 παρ’
1497 637 1625 699 ὑμῶν
1662 637 1740 686 εὕ-

229 641 387 707 ῥᾷστα
423 644 562 689 τοῦτο
599 637 822 703 περάνειε,
848 636 1087 706 ψήφισμα

229 745 351 788 ρετο,
377 722 434 790 ἐξ
456 722 510 772 οὗ
536 722 819 787 κυρωθέντος
845 719 917 783 ἂν,
943 725 980 771 εἰ
1012 719 1077 784 μὴ
1104 721 1158 770 δι’
1187 721 1306 784 ἡμᾶς
1332 722 1408 770 καὶ
1433 720 1634 783 οταύτην
1659 719 1745 784 τὴν

230 804 436 875 γραφὴν,
461 806 679 869 ἠδίκηντο
705 804 789 868 μὲν
815 809 1028 872 φανερῶς
1056 808 1098 855 οἱ
1126 804 1208 855 δύο
1233 809 1327 855 τῶν
1351 803 1607 866 βασιλέων,
1628 804 1746 868 ἡσυ-

230 891 338 957 χίαν
374 890 412 940 δ’
454 889 511 939 ἂν
550 888 668 954 ἦγον
709 892 752 939 οἱ
793 894 1170 954 στρατηγοῦντες
1211 889 1379 949 αὐτοῖς,
1420 889 1444 938 ὁ
1482 887 1680 954 Βιάνωρ,
1719 889 1744 939 ὁ

231 974 403 1037 Σίμων,
431 973 456 1023 ὁ
483 971 823 1038 Ἀθηνόδωρος,
852 971 1138 1040 φοβούμενοι
1163 970 1249 1036 τὴν
1276 970 1351 1022 διὰ
1377 976 1459 1021 τοῦ
1484 972 1743 1040 ψηφίσμα-
1757 978 1835 1018 68ῐ

228 1080 308 1110 τος
342 1057 682 1130 συκοφαντίαν,
719 1058 743 1107 ὁ
788 1055 836 1107 δὲ
878 1057 1048 1119 ταύτης
1085 1059 1168 1119 τῆς
1208 1055 1426 1124 ἐξουσίας
1465 1055 1746 1110 ἀπολαύσας

230 1143 305 1191 καὶ
345 1145 509 1192 πᾶσαν
554 1142 632 1209 ὑφ’
675 1139 839 1209 dabre}
892 1139 1056 1200 λαβὼν
1096 1139 1181 1204 τὴν
1225 1138 1376 1206 ἀρχὴν
1420 1137 1617 1205 ἰσχυρὸς
1661 1137 1747 1189 δᾶν

228 1225 394 1294 ἐχθρὸς
422 1227 628 1293 ὑπῆρχεν
655 1227 776 1289 ὑμῖν.

134 1325 213 1363 216
304 1310 459 1378 1”Έ>(ει
499 1312 535 1360 δ’
578 1308 860 1376 ὁρμητήριον
904 1307 1064 1373 ἕπαρδι
1103 1305 1259 1360 παντά
1290 1305 1373 1357 τὸν
1411 1304 1583 1373 χρόνον
1620 1306 1774 1374 αὑτῷε

229 1394 538 1460 τετηρημένον
562 1393 648 1458 τὴν
678 1396 957 1460 Καρδιανῶν
981 1391 1139 1454 πόλιν,
1158 1389 1216 1455 ἣν
1242 1392 1289 1441 ἐν
1316 1389 1525 1448 ἁπάσαις
1543 1388 1628 1453 μὲν
1648 1394 1748 1442 ταῖς

228 1477 487 1542 συνθήκαις
525 1478 763 1546 ἐξαίρετον
789 1479 915 1546 αὑτῷ
951 1476 1176 1543 γέγραφε,
1203 1473 1257 1526 τὸ
1289 1478 1557 1525 τελευταῖον
1589 1473 1637 1524 δὲ
1673 1475 1749 1523 καὶ

229 1567 442 1630 φανερῶς
467 1561 488 1589 ¹¹
507 1562 652 1626 αὐτὴν
677 1562 903 1630 ἀφείλετο
940 1561 1050 1627 παρ’
1080 1562 1222 1623 ὑμῶν.
1267 1560 1415 1609 καίτοι
1453 1562 1548 1611 τοῖς
1587 1559 1744 1621 ἀπηλ-

228 1647 480 1714 λαγμένοις
518 1645 629 1710 ἰμὲν
663 1652 745 1697 τοῦ
780 1648 886 1712 περὶ
922 1645 1091 1708 1ἱὴμῶν
1128 1666 1171 1694 τι
1204 1646 1394 1711 φρονεῖν
1431 1641 1604 1703 ἄδικον,
1630 1640 1801 1703 μετὰιο

228 1729 389 1795 πάσης
440 1731 477 1780 δ’
526 1730 748 1794 ἀληθείας
799 1730 964 1781 ἁπλῶς
1009 1728 1179 1778 εὐνοεῖν
1232 1726 1340 1789 ἡμῖν
1383 1724 1654 1793 Ῑῂρημένοις
1703 1725 1752 1774 τί

228 1816 516 1880 ῐ11προσῆκεν
542 1815 696 1867 αὑτοῖς
734 1810 1016 1878 ὁρμητήριον
1043 1818 1063 1837 ¹¹
1082 1814 1357 1861 καταλιπεῖν
1393 1808 1631 1876 χρήσιμον
1667 1814 1750 1859 τοῦ

135 1920 212 1961 217
228 1896 348 1964 πρὸς
373 1897 522 1961 οὴμᾶς
557 1895 771 1959 πολέμου
795 1917 808 1958 3
851 1894 955 1945 ἰ’στε
978 1893 1071 1961 γὰρ
1098 1893 1248 1958 δήπου
1275 1898 1427 1954 τοῦτο,
1454 1896 1496 1943 οἱ
1521 1891 1607 1956 μὲν
1630 1894 1746 1958 ἀφι-

227 1982 392 2049 γμένοι
425 1984 610 2050 σαφῶς,
655 1983 698 2031 οἱ
742 1980 781 2030 δ’
822 1979 966 2030 ἄλλοι
1012 1978 1190 2029 τούτων
1230 1976 1516 2039 Ράκούοντες,
1553 1975 1624 2027 ὅτι
1666 1979 1749 2040 τῆς

231 2070 510 2133 Καρδιανῶν
550 2064 735 2118 πόλεως
779 2063 981 2131 ἐχούσης
1026 2065 1087 2116 ὡς
1133 2062 1240 2129 ἔχει,
1278 2064 1316 2111 εἰ
1359 2059 1610 2125 γενήσεται
1654 2059 1748 2111 qr&
1762 2086 1798 2118 15

228 2149 347 2216 πρὸς
384 2151 492 2203 τούς
519 2153 714 2217 Θρᾷκας
739 2155 755 2174 ¹
771 2149 966 2214 εὐτρεπῆ
1001 2150 1068 2215 τῷ
1101 2144 1467 2211 Κερσοβλέπτῃ,
1492 2144 1601 2210 παρ’
1629 2144 1742 2208 ἡμέ-

228 2257 318 2300 ραν
355 2233 542 2301 ἐξεστιν
580 2233 706 2300 αὐτῷ
747 2230 951 2296 βαδίζειν
995 2231 1101 2280 Εέπὶ
1138 2226 1446 2293 Χερρόνησον
1490 2229 1743 2296 ἀσφαλῶς.

245 2316 266 2334 ‘l
464 2315 477 2333 Χ
685 2317 699 2333 ἱ
797 2318 816 2327 Α
892 2314 902 2329 Ι
1041 2316 1062 2326 Α
1173 2313 1183 2327 )
1262 2313 1273 2330 Ι
1351 2311 1365 2338 t
1451 2310 1464 2326 Χ
1560 2314 1579 2323 Α

229 2340 392 2384 ωσπερ
419 2339 512 2383 γαρ
540 2319 726 2369 Χαλκις
751 2337 817 2384 τῳ
849 2337 979 2384 τοπῳ
1006 2337 1090 2376 της
1117 2317 1325 2373 Ευβοιας
1380 2333 1498 2377 προς
1523 2334 1606 2375 της
1632 2315 1746 2362 Βοι-

283 2473 303 2493 8·
331 2466 525 2502 καταλύσας
550 2467 603 2500 καὶ
621 2464 1005 2510 ἀπαλλάξας-πᾶσαν]
1038 2462 1218 2500 καταλύειν
1237 2462 1290 2497 καὶ
1308 2461 1613 2507 ἀπαλλάξαι-καὶ
1632 2463 1748 2496 πᾶσαν

230 2522 405 2556 F.S.Y.O.
427 2526 473 2560 et,
496 2520 555 2566 qui
575 2520 611 2554 in
632 2520 788 2565 margine
809 2519 1051 2559 ἀπαλλάττειν,
1074 2530 1105 2552 v.
1243 2515 1260 2538 b
1279 2518 1414 2550 τοιοῦτο
1433 2515 1512 2561 παρ’
1534 2515 1644 2562 ὑμῶν]
1669 2513 1747 2558 παρ’

230 2575 322 2619 ὑμῶν
340 2577 474 2608 τοιοῦτο
494 2575 589 2608 k.1·.s.
612 2579 646 2607 et
667 2573 726 2619 qui
749 2575 905 2606 τοιοῦτον
923 2573 967 2606 A.
1007 2571 1163 2605 τοιοῦτόν
1181 2584 1215 2604 τι
1233 2568 1312 2615 παρ’
1334 2569 1426 2613 ὑμῶν
1446 2569 1522 2604 ΡΝ.
1633 2573 1646 2590 ‘³
1666 2566 1746 2602 ταῦ-

230 2628 309 2674 την]
333 2628 468 2671 ταυτηνὶ
490 2628 603 2661 A.k.s.
714 2623 732 2651 d
753 2626 843 2673 αὑτῷ
864 2626 898 2659 S.
930 2627 1036 2672 ἑαυτῷ
1055 2625 1173 2669 vulgo.
1277 2628 1292 2647 e
1313 2620 1352 2656 ἂν
1371 2635 1440 2657 om.
1458 2622 1502 2657 Ο.
1600 2618 1742 2667 ῨἼΞχει]

230 2679 300 2726 εἶχε
320 2682 496 2715 A.k.r.S.v.
624 2685 644 2711 g
664 2680 754 2723 παρὰ
773 2679 899 2725 πάντα]
924 2678 1001 2724 παρ’
1021 2678 1153 2712 ἅπαντα
1172 2677 1313 2711 A.k.r.s.
1451 2672 1471 2700 h
1490 2674 1594 2718 αὐτὴν
1614 2686 1684 2709 om.
1706 2675 1747 2708 A.

230 2736 330 2770 k.1·.s.
441 2730 451 2758 i
471 2734 532 2775 μὲν
551 2734 612 2766 τοῦ
632 2733 708 2777 περὶ
729 2733 820 2776 ἡμῶν
838 2747 869 2766 τι
889 2733 924 2766 in
944 2733 1050 2766 litura
1068 2743 1137 2765 rec.
1159 2731 1201 2764 Y.
1294 2726 1315 2754 k
1334 2728 1577 2774 ἡμῶν-ἡμῖν]
1602 2728 1750 2771 ὑμῶν-

230 2788 308 2831 ὑμῖν
327 2788 470 2822 A.k.r.s.
592 2783 602 2810 ¹
620 2785 812 2830 ᾑρημένοις]
836 2787 1081 2830 προῃρημένοις
1100 2785 1247 2818 A.k.r.s.
1371 2788 1401 2807 m
1421 2780 1611 2827 προσῆκεν]
1635 2794 1746 2826 προσ·-

230 2843 309 2885 ῆκον
329 2842 473 2875 A.k.1·.S.
569 2845 588 2863 ¹¹
609 2839 820 2885 καταλιπεῖν]
846 2840 1059 2873 καταλείπειν
1079 2837 1168 2871 Y.O.
1198 2837 1410 2870 καταλειπεῖν
1431 2836 1512 2879 (hoc
1527 2835 1691 2879 accentu)
1712 2834 1748 2868 S.

230 2901 249 2919 ⁰
270 2893 370 2940 ἡμᾶς]
395 2894 480 2935 ὑμᾶς
499 2892 687 2927 A.O.k.r.s.
812 2898 830 2925 P
849 2891 1042 2937 ἀκούοντες]
1066 2889 1271 2925 ἀκούσαντες
1292 2888 1336 2923 Ο.
1448 2894 1467 2921 q
1486 2889 1529 2922 τὰ
1548 2900 1619 2922 om.
1641 2900 1692 2933 pr.
1714 2899 1749 2921 v.

232 2952 242 2967 r
262 2947 423 2993 εὐτρεπῆ]
449 2947 596 2992 εὐπρεπῆ
617 2946 688 2979 As.
811 2950 825 2969 S
845 2946 899 2979 ἐπὶ
918 2947 1129 2990 χερρόνησον
1147 2941 1334 2988 ἀσφαλῶς]
1358 2941 1527 2987 ἀσφαλῶς
1547 2941 1603 2975 ἐπὶ
1621 2938 1743 2986 χερρό-

232 3015 336 3043 νησον
355 3002 500 3035 A.k.r.S.
613 2998 627 3023 t
646 2998 749 3044 πρὸς]
775 3000 839 3043 πρὸ
861 2999 1007 3032 A.k.1·.s.
