1954 3273
46 188 199 233 -713‚
217 195 247 219 ⁴.
639 179 783 217 ΚΑΤΑ
813 178 1218 218 ΤΙΜΟΚΡΑΤΟΥΣ.
1607 177 1690 219 743

172 293 301 353 ὑμῶν
339 289 477 341 οούδὲ
521 289 597 353 εἷς,
636 291 740 341 οὔτε
778 288 1067 358 ἀπαλλάξας
1105 291 1182 340 καὶ
1220 289 1494 357 διαφθείρας
1531 294 1790 352 πεῖσαιγη

105 374 283 435 44Ρτὸν
309 375 448 442 χείρω
480 374 649 425 θέσθαι
684 372 828 436 νόμον
862 375 965 424 ἀντὶ
999 378 1083 424 τοῦ
1117 372 1392 439 κρείττονος.
1447 372 1524 423 διὰ
1549 378 1697 423 ταῦτα

104 1065 157 1106 45

106 1566 160 1616 46

110 2115 161 2157 47

170 458 326 511 πάντα
369 460 446 528 ἐφ’
485 457 692 522 ἑκάστην
737 459 925 526 ἀπαντᾷ
969 455 1055 521 τὴν
1101 455 1211 507 ὁδὸν
1251 460 1346 507 τῶν
1384 456 1696 520 ἀδικημάτων,

170 541 366 594 κωλύων
399 544 475 593 καὶ
514 543 597 593 οὐκ
633 543 720 593 ε’ῶν
755 540 959 607 βαδίζειν
994 539 1102 595 τοὺς
1138 539 1530 601 ἐπιβουλεύοντας
1569 541 1690 602 ὑμῖν.
1710 558 1727 590 5

169 630 317 677 ταῦτα
354 624 511 677 πάντα
548 622 864 691 Τιμοκράτης,
901 625 1023 675 οὕτω
1062 628 1220 677 καλῶς
1258 625 1334 674 καὶ
1374 624 1559 678 δικαίως
1598 624 1690 675 κεί-

168 731 299 773 μενα,
326 708 574 779 ἠφάνισεν,
600 707 867 778 ἐξήλειψεν,
895 707 1014 758 ὅσον
1049 707 1107 772 ἧν
1142 709 1217 759 ἐπὶ
1253 707 1418 776 τούτῳ,
1446 709 1522 757 καὶ
1555 705 1699 771 νόμον

168 792 437 859 εἰσήνεγκεν
474 792 693 845 (ἶᾶπασιν
731 791 940 843 ἐναντίον
979 793 1041 845 ὡς
1082 790 1192 844 ε’ἦτος
1231 793 1374 842 εἰπεῖν
1411 795 1507 844 τοῖς
1548 791 1697 853 οὖσιν,

169 877 223 928 οὖ
261 875 637 944 Γπαραναγνοὺς,
674 877 727 927 οὐ
766 875 937 937 λύσας,
977 875 1031 925 οὐ
1070 872 1176 928 δοὺς
1215 874 1411 941 αἵρεσιν,
1449 875 1532 925 οὐκ
1570 874 1696 925 ἄλλο
1716 897 1752 919 10

169 960 376 1026 ποιήσας
402 960 534 1012 οὐδὲν
559 965 653 1011 τῶν
678 958 1038 1026 προσηκόντων.

244 1047 331 1098 Ὠς
356 1043 442 1109 μὲν
469 1045 550 1096 οὖν
576 1044 735 1112 ε”νοχος
762 1047 820 1112 τῇ
846 1046 1013 1111 γραφῇ
1040 1041 1341 1106 καθέστηκεν,
1368 1042 1575 1093 ἐναντίον
1602 1046 1699 1093 εἱσ-

170 1127 402 1196 ενηνοχὼς
440 1133 536 1183 τοῖς
575 1129 683 1180 οὖσι
722 1127 924 1192 Ξνόμοις,
964 1125 1090 1191 οἶμαι
1132 1125 1313 1179 πάντας
1352 1128 1471 1190 ὑμᾶς
1509 1127 1693 1194 ῗῂσθῆ-

170 1217 302 1264 σθαι·
344 1213 421 1264 ἵνα
450 1214 519 1262 “δ’
549 1216 694 1277 εἰδῆτε
733 1212 843 1278 παρ’
874 1211 996 1265 οἵους
1027 1209 1228 1274 Χνόμους
1263 1210 1360 1261 οἶον
1394 1210 1528 1264 οὗτος
1561 1211 1693 1275 εἰσή-

173 1319 345 1363 νεγκεν,
372 1296 699 1363 ἀναγνώσεται
729 1300 921 1362 πρῶτον
954 1296 1061 1358 ὑμῖν
1087 1292 1170 1344 τὸν
1195 1293 1361 1344 τούτου
1390 1293 1546 1357 νόμον,
1574 1293 1699 1345 Υεῖτα
1717 1314 1751 1345 ¹5

171 1381 278 1436 τοὺς
305 1381 499 1443 ἄλλους,
527 1379 594 1434 οἷς
621 1380 755 1434 οὗτος
781 1379 985 1431 ἐναντίος
1011 1377 1156 1430 ἐστίν.
1207 1378 1548 1442 ἀναγίγνωσκε,

822 1489 1046 1531 ΝΟΜΟΣ.

287 1563 380 1604 Ἐπὶ
413 1565 480 1614 τῆς
510 1564 770 1605 Πανδιονίδος
801 1562 995 1613 Ζπρώτης,
1030 1559 1223 1610 δωδεκάτῃ
1256 1561 1322 1609 τῆς
1355 1560 1600 1611 πρυτανείας,
1633 1563 1700 1600 Τι-

233 1630 425 1683 μοκράτης
447 1630 543 1677 εἶπε,
568 1630 630 1670 καὶ
657 1632 692 1670 εἴ
713 1646 789 1670 τινι
810 1633 887 1670 τῶν
908 1629 1156 1681 ὀφειλόντων
1177 1628 1228 1682 τῷ
1251 1629 1423 1682 δημοσίῳ
1444 1629 1700 1679 προστετίμη-
1714 1642 1755 1665 20

230 1715 294 1738 ται
325 1700 422 1738 κατὰ
451 1698 606 1748 8νόμον
635 1696 658 1747 ἢ
691 1699 787 1737 κατὰ
817 1696 1011 1749 ψήφισμα
1041 1697 1186 1746 δεσμοῦ
1218 1693 1270 1745 ὓῆ
1301 1695 1344 1734 τὸ
1378 1694 1520 1735 λοιπὸν
1551 1701 1701 1746 θπροσ-

231 1768 382 1821 τιμηθῇ,
421 1765 520 1805 εῖναι
557 1765 656 1819 αὐτῷ
697 1762 720 1814 ἢ
757 1765 868 1818 ἄλλῳ
904 1765 1000 1815 ὑπὲρ
1039 1764 1189 1803 ἐκείνου
1231 1764 1421 1815 ἐγγυητὰς
1458 1766 1702 1813 καταστῆσαι

230 1837 299 1873 τοῦ
326 1831 599 1885 ἀόφλήματος,
631 1831 697 1874 οὓς
725 1831 774 1872 ἂν
801 1832 821 1871 ὁ
851 1833 968 1882 δῆμος
996 1830 1269 1885 χειροτονήσῃ,
1304 1830 1327 1881 ἧ
1356 1830 1433 1880 μὴν
1461 1831 1630 1871 ἐκτίσειν
1657 1830 1701 1871 τὸ

232 1901 418 1952 ἀργύριον
449 1899 470 1939 ὃ
502 1898 627 1951 ὦφλε.
678 1898 766 1941 τοὺς
797 1900 838 1938 δὲ
873 1900 1086 1949 προέδρους
1122 1898 1430 1950 ἐπιχειροτονεῖν
1466 1896 1752 1950 ἐπάναγκες,25

233 1969 329 2007 ὅταν
360 1984 416 2009 τις
448 1965 679 2006 καθιστάναι
709 1966 916 2016 βούληται.
962 1967 1014 2019 τῷ
1046 1966 1088 2005 δὲ
1122 1964 1410 2015 καταστήσαντι
1442 1965 1529 2007 τοὺς
1562 1966 1702 2017 ἐγγυη-

235 2036 317 2081 τὰς,
343 2035 413 2074 ἐὰν
434 2034 631 2088 Θᾶποδιδῷ
659 2035 704 2084 τῇ
733 2034 849 2073 πόλει
875 2033 919 2072 τὸ
946 2033 1131 2084 ἀργύριον
1160 2030 1220 2084 ἐφ’
1249 2030 1304 2086 ἷῷ
1337 2031 1554 2082 κατέστησε
1582 2032 1703 2074 ἓτοὺς

237 2102 440 2154 ἐγγυητὰς,
474 2101 664 2152 ἀφεῖσθαι
695 2099 810 2140 ᾖτῶν
841 2103 1008 2150 δεσμῶν.
1057 2101 1128 2139 ἐὰν
1159 2100 1201 2139 δὲ
1237 2099 1289 2151 μὴ
1322 2099 1528 2150 καταβάλῃ
1562 2099 1605 2138 τὸ
1637 2100 1703 2151 ἀρ-

236 2166 414 2221 γύριονῆ
437 2167 552 2209 αὐτὸς
576 2165 598 2217 ἢ
624 2168 660 2207 οἱ
689 2167 874 2219 ἐγγυηταὶ
902 2168 965 2207 ἐπὶ
994 2169 1060 2217 τῆς
1080 2166 1241 2216 ῑένάτης
1268 2168 1512 2219 πρυτανείας,
1536 2167 1605 2206 τὸν
1631 2167 1799 2227 μὲν7ι3

237 2233 526 2287 ἐξεγγυηθέντα
557 2232 752 2280 δεδέσθαι,
782 2236 859 2274 τῶν
888 2234 929 2273 δὲ
962 2234 1160 2285 ἐγγυητῶν
1191 2234 1384 2284 δημοσίαν
1414 2233 1514 2274 εἶναι
1544 2233 1614 2284 τὴν
1643 2234 1706 2274 οὐ-

237 2303 342 2342 σίαν.
387 2301 507 2353 Βπερὶ
532 2302 575 2341 δὲ
602 2304 679 2342 τῶν
704 2299 937 2351 ὠνουμένων
965 2301 1012 2340 τὰ
1040 2299 1134 2351 τέλη
1162 2300 1224 2341 καὶ
1252 2303 1329 2342 τῶν
1355 2301 1614 2353 ἐγγυωμένων
1643 2301 1706 2341 καὶ

240 2463 259 2484 ⁰
279 2459 358 2493 οὐδὲ
378 2456 442 2507 εἷς]
466 2459 576 2494 οὐδεὶς
597 2459 633 2494 S.
741 2465 760 2492 P
781 2459 841 2492 τὸν
860 2459 982 2505 χείρω]
1008 2458 1047 2491 τὸ
1067 2459 1183 2503 χεῖρον
1202 2469 1234 2491 v.
1338 2463 1357 2490 q
1376 2457 1521 2502 ἅπασιν]
1544 2458 1705 2492 ἀπαίσιον

180 2513 297 2547 A.k.s.
330 2512 472 2555 ἅπασιν,
494 2512 732 2558 superscripto
752 2527 808 2558 γρ.
829 2510 1003 2551 ἀπαίσιον,
1025 2524 1053 2545 ι’.
1203 2518 1217 2537 1'
1237 2512 1487 2557 παραναγνοὺς]
1511 2511 1705 2556 παραγνοὺς

180 2599 283 2634 k.r.v.
370 2605 383 2625 S
405 2597 536 2644 νόμοις]
561 2573 676 2642 νόμέἴς
696 2598 737 2632 F.
769 2599 871 2641 νόμον
890 2611 946 2643 γρ.
971 2597 1008 2631 S.
1106 2594 1120 2621 t
1138 2595 1332 2642 ᾐσθῆσθαι]
1358 2597 1501 2640 ἡσθῆναι
1522 2609 1548 2630 r.
1635 2603 1654 2622 Π
1675 2595 1703 2630 δ’

182 2663 253 2685 om.
273 2664 326 2697 pr.
346 2652 383 2686 k.
480 2660 498 2678 Χ
519 2653 641 2696 νόμους
662 2663 733 2685 om.
755 2652 872 2685 A⁴k.S.
975 2656 994 2683 Y
1014 2647 1102 2695 εἶτα]
1127 2647 1199 2683 εἶτα
1219 2650 1272 2683 καὶ
1292 2651 1431 2685 F.r.S.V.
1534 2655 1551 2673 Ζ
1572 2650 1706 2694 πρώτης

182 2716 254 2739 om.
271 2705 352 2739 Es.
372 2705 409 2738 in
429 2706 587 2751 margine
606 2710 746 2750 ponunt
766 2704 857 2738 Y.O.
934 2709 953 2729 a
972 2703 1092 2749 νόμον]
1113 2704 1173 2737 τὸν
1194 2704 1296 2747 νόμον
1316 2716 1345 2738 r.
1422 2700 1441 2727 b
1462 2702 1479 2746 ἢ
1500 2714 1569 2736 om.
1591 2715 1643 2748 pr.
1659 2702 1703 2737 Y.

183 2794 200 2815 ‘³
218 2790 454 2836 προστιμηθῇ]
478 2767 719 2837 προστιμηθῗῖἕη
731 2802 764 2823 v.
876 2785 895 2813 d
915 2788 1132 2835 ὀφλήματος]
1156 2788 1387 2834 ὀφειλῆματος
1408 2789 1473 2823 S.r.
1509 2787 1613 2822 Conf.
1633 2800 1704 2823 var.

184 2875 265 2910 lect.
287 2876 331 2910 ad
350 2888 386 2922 p.
404 2875 491 2923 768,
508 2887 570 2924 29·
651 2882 666 2900 e
686 2875 854 2922 ἀποδιδῷ]
879 2874 995 2922 ἀποδῷ
1013 2887 1046 2909 v.
1122 2872 1137 2900 f
1154 2871 1197 2922 ᾧ]
1213 2852 1293 2923 ⁰512
1325 2873 1371 2909 οἷς
1396 2874 1512 2909 RSv.
1587 2879 1607 2906 g
1627 2874 1706 2908 τιὺς

185 2940 256 2963 om.
276 2941 328 2974 pr.
348 2941 378 2964 r.
457 2927 477 2954 h
497 2933 564 2963 τῶν
584 2929 737 2975 δεσμῶν]
762 2929 822 2961 τὸν
842 2929 971 2972 δεσμὸν
992 2927 1111 2962 Υ.Ο,ι·.
1134 2934 1168 2963 et
1188 2942 1242 2974 pr.
1262 2929 1296 2963 S.
1381 2925 1390 2951 i
1413 2926 1545 2972 ἐνάτης]
1571 2926 1705 2969 ε’ννάτης

185 2993 212 3015 r.
234 2981 290 3015 hie
310 2988 345 3016 et
364 2982 466 3016 infra.
577 2981 593 3004 Β
616 2982 710 3028 περὶ]
737 2981 791 3015 ἐπὶ
811 2993 842 3014 v.

244 3057 335 3082 VOL.
362 3058 410 3082 11.
893 3056 922 3081 M
952 3057 986 3081 U]
