1954 3273
226 147 309 188 784
767 147 1195 185 ΔΗΜΟΣΘΕΝΟΎΣ
1308 145 1392 184 on.
1416 145 1592 186 XXIV.
1614 140 1863 201 ‘12-75124-
1919 130 1927 201 [ss

225 258 318 324 γὰρ
343 261 586 319 τοσοῦτον,
613 254 650 307 ὦ
679 257 842 323 ἄνδρες
866 257 1121 319 Ἀθηναῖοι,
1146 255 1284 307 πέντε
1315 256 1564 307 ταλάντων
1588 255 1737 320 1’[ὑμῖν,

225 340 291 392 ὧν
326 340 453 392 οὗτοι
489 338 581 391 τότ’
616 341 915 408 εἰσέπραξαν,
945 339 1171 390 τεθέντων
1205 340 1473 407 ὠφέλησθε,
1508 340 1625 391 ὅσον
1661 340 1769 401 βέ-5

133 432 208 483 187
225 428 420 491 βλαφθε
453 423 675 475 τοιούτων
707 426 825 474 ἐθῶν
852 427 914 476 εἰς
941 422 1027 487 τὴν
1052 424 1293 474 πολιτείαν
1319 423 1650 489 εἰσαγομένων.
1703 427 1741 474 εἰ

226 507 320 573 γὰρ
344 506 512 558 Ῑθε’λετ’
539 505 760 574 ἐξετάσαι
793 506 917 559 τίνος
953 507 1084 556 ἕνεκα
1117 511 1308 569 μᾶλλον
1337 505 1395 556 ἄν
1420 528 1489 560 τις
1516 506 1670 556 ἕλοιτο
1696 508 1745 556 ἐν

228 591 515 658 δημοκρατίᾳ
549 590 636 655 ζῆν
669 588 699 653 ἢ
733 591 781 640 ἐν
813 590 1079 657 ὀλιγαρχίᾳ,
1106 593 1231 640 τοῦτ’
1260 587 1317 640 ἂν
1352 591 1523 655 εὕροιτε
1557 611 1746 656 προχει-

227 674 440 740 ρότατον,
467 673 537 723 ὅτι
571 671 727 723 πάντα
757 670 996 739 πραότερά
1020 674 1190 723 ωέστιν
1215 673 1291 722 Πέν
1317 673 1620 740 δημοκρατίᾳ.
1674 672 1744 723 ὅτι
1761 697 1800 718 ιο

229 764 248 784 ⁰
263 755 349 820 μὲν
399 757 555 806 τοίνυν
604 758 687 818 τῆς
737 764 756 792 ¹³
774 755 892 806 ὅπου
948 754 1188 816 βούλεσθε
1239 756 1517 822 ὀλιγαρχίας
1574 760 1746 824 πολλῷ

231 839 559 904 ἀσελγέστερα
605 840 680 888 καὶ
724 838 957 904 δεινότερα
999 839 1184 889 ἐποίουν
1229 838 1403 901 Ἷοῧτοι,
1441 840 1746 906 παραλείψω·

232 921 389 973 ῐοἰλλὸι
430 923 536 988 παρ’
579 921 714 984 Βἡμῖν
759 920 872 972 πότε
915 921 1106 972 πώποτε
1144 920 1408 972 ἰδεινότατα
1445 924 1524 972 ι’ἐν
1560 926 1619 989 τῇ
1655 921 1745 973 πό-

234 1016 306 1058 λει
341 1006 568 1072 γέγονεν;
617 1006 666 1056 εὖ
702 1003 785 1055 οἶδ’
819 1005 889 1056 ὅτι
925 1007 999 1056 ἐπὶ
1036 1010 1131 1056 τῶν
1163 1004 1397 1071 τριάκονθ’
1424 1003 1661 1059 Χᾶπαντες
1693 1005 1754 1055 ἂν

142 1101 220 1140 188
236 1089 421 1141 ε’ίποιτε.
475 1087 581 1140 τότε
615 1088 783 1150 τοίνυν,
811 1090 873 1141 ὡς
907 1088 1038 1138 ε”στιν
1069 1086 1262 1149 ἀκούειν,
1289 1089 1434 1142 οὐδεὶς
1463 1088 1594 1139 ἔστιν
1620 1088 1751 1143 ὅστις
1767 1111 1802 1143 15

236 1175 538 1239 ἀπεστερεῖτο
571 1177 654 1222 τοῦ
693 1174 920 1235 σωθῆναι,
953 1179 968 1207 5
978 1169 1111 1224 ὅστις
1145 1169 1309 1221 ἑαυτὸν
1343 1170 1458 1221 οἴκοι
1493 1171 1755 1240 Ζκρύψειεν,

238 1259 351 1307 ἀλλ’
380 1255 493 1307 αὐτὸ
520 1261 657 1306 τοῦτο
682 1260 1027 1320 ἒικατηγοροῦσι
1059 1258 1154 1305 τῶν
1184 1253 1445 1319 τριάκοντα,
1473 1254 1543 1305 ὅτι
1576 1253 1683 1308 τοὺς
1708 1257 1758 1305 ἐκ

239 1344 322 1404 τῆς
348 1342 524 1406 ἀγορᾶς
549 1339 717 1393 ἀδίκως
750 1341 949 1404 ἀπῆγον.
1006 1338 1131 1389 οὗτοι
1165 1339 1320 1389 τοίνυν
1351 1338 1589 1403 τοσαύτην
1620 1341 1758 1404 ὑπερ-

239 1423 394 1488 βολὴν
426 1421 709 1487 ἐποιήσαντο
738 1421 948 1472 ὒέκείνων
982 1424 1064 1485 τῆς
1095 1423 1270 1472 ὓαὺτῶν
1302 1423 1539 1488 πονηρίας,
1567 1420 1682 1473 ωστ’
1709 1446 1758 1473 εν

242 1504 529 1572 δημοκρατίᾳ
566 1501 918 1566 πολιτευόμενοι
959 1502 1045 1567 τὴν
1082 1503 1202 1553 ἰδίαν
1240 1504 1387 1553 οἰκιαν
1425 1502 1609 1554 ἑκάστω
1647 1507 1757 1555 δεσ-
1769 1530 1813 1552 20

242 1586 478 1653 μωτήριον
516 1587 831 1649 καθίστασαν,
868 1609 974 1639 τους
1017 1586 1155 1636 ενδεκ’
1196 1586 1388 1651 ἄγοντες
1425 1588 1499 1637 ε’πι
1537 1585 1656 1641 ᾱτάς
1694 1592 1760 1638 οἰ-

152 1687 229 1739 189
244 1672 360 1724 κίας.
417 1671 578 1732 καίτοι,
613 1668 649 1720 ὦ
687 1670 850 1736 ἄνδρες
883 1671 1172 1734 θἈθηναῖοι,
1207 1670 1256 1720 τί
1293 1670 1459 1733 οἴεσθε,
1490 1669 1646 1722 Ῐ’ὁπότ’
1681 1671 1762 1722 ἄν-

246 1759 434 1821 θρωπος
466 1755 621 1818 πένης,
651 1753 680 1818 ὴ
715 1755 790 1804 καὶ
824 1753 1068 1815 πλούσιος,
1095 1761 1116 1789 g
1123 1753 1289 1805 πολλὰ
1315 1756 1352 1804 δ’
1380 1754 1662 1820 1’ἀνηλωκὼς
1687 1757 1769 1807 καί

245 1839 329 1890 τιν’
358 1839 474 1892 ἰ’σως
502 1837 680 1903 τρόπον
706 1836 893 1892 εἰκότως
918 1838 1001 1889 οὐκ
1027 1839 1236 1904 εὐπορῶν
1261 1839 1499 1905 ἀργυρίου,
1523 1838 1588 1903 μὴ
1619 1862 1763 1903 μονον
1777 1860 1813 1892 25

247 1926 310 1976 εἰς
346 1921 433 1985 τὴν
471 1921 649 2030 ἀγοράιςν
688 1926 876 1989 φοβοῖτ’
917 1923 1154 1985 ἐμβαλεῖν,
1192 1921 1323 1972 ἀλλα
1359 1923 1463 1986 μηδ’
1501 1922 1616 1973 οἴκοι
1654 1923 1762 1986 ιμέ·-

249 2028 341 2056 νειν
367 2003 632 2072 ἀσφαλεςι(
641 2005 816 2069 ἡγοῖτο,
844 2005 869 2054 ὃ
900 2004 948 2055 δε
983 2004 1160 2055 τούτων
1195 2005 1340 2059 α’ίτιος
1368 2006 1654 2073 Ἀνδροτίων
1684 2007 1766 2070 ε’ίη,

251 2111 304 2139 ον
335 2090 429 2139 οὐδ’
459 2088 572 2154 ὑπερ
603 2090 747 2139 αὑτου
787 2089 918 2152 δίκην
947 2087 1018 2157 Ῑέᾇ
1055 2093 1222 2148 λαβεῖν
1256 2088 1315 2139 τὰ
1347 2090 1655 2155 πεπραγμένα
1691 2092 1767 2140 καὶ

251 2172 527 2236 βεβιωμενα,
560 2171 624 2236 μή
657 2173 751 2222 ῐῙΙτί
778 2177 825 2237 γ’
855 2171 969 2238 ὑπὲρ
1001 2175 1082 2236 τῆς
1115 2172 1299 2226 πόλεως
1333 2173 1630 2240 εἰσπράττειν
1662 2179 1764 2225 εἰσ·

308 2337 328 2364 k
351 2338 442 2385 ὑμῖν]
468 2340 559 2383 ὑμεῖς
577 2353 632 2384 γρ.
656 2339 690 2373 S.
722 2316 803 2382 ὑμεῖιιῖ
820 2339 857 2372 F.
944 2336 953 2365 l
975 2338 1083 2373 θέλετ’
1105 2340 1139 2374 S.
1171 2316 1307 2383 ἐθελητε
1328 2352 1359 2374 v.
1393 2340 1592 2386 Legebatur
1612 2341 1768 2377 ἐθέλοιτ’.

255 2398 285 2417 m
306 2392 402 2426 ἐστιν
422 2404 491 2426 om.
514 2392 548 2426 S.
678 2397 698 2416 ¹¹
719 2392 753 2425 ἐν
773 2391 1091 2427 A,l¹'.Y.O.k.r.s.v.
1128 2393 1328 2439 Legebatur
1347 2394 1381 2427 ἐν
1400 2396 1453 2436 τῇ.
1581 2400 1599 2419 ⁰
1618 2395 1679 2438 μὲν
1698 2406 1768 2428 om.

254 2445 494 2480 A.Y.O.k.r.s.
564 2450 584 2478 P
603 2444 706 2490 ὅπου]
730 2445 806 2478 ὅποι
825 2445 916 2479 libri.
950 2446 1111 2480 Correxit
1131 2447 1294 2481 Reiskius
1315 2458 1356 2480 ex
1379 2459 1411 2492 p.
1426 2445 1515 2494 609,
1534 2457 1565 2481 1.
1636 2453 1655 2480 q
1675 2447 1768 2481 οὗτοι

255 2510 324 2533 om.
346 2511 398 2544 pr.
417 2497 460 2532 Ο.
546 2505 560 2524 Γ
579 2497 686 2544 ἀλλὰ]
711 2497 789 2531 ἀλλ’
809 2498 829 2531 ἃ
850 2499 889 2532 F.
978 2503 992 2523 S
1012 2499 1106 2545 ἡμῖν]
1129 2500 1206 2541 ὑμῖν
1226 2500 1327 2533 F.r.s.
1413 2499 1427 2524 t
1447 2500 1637 2546 δεινότατα]
1662 2500 1768 2534 δεινό-

255 2566 336 2596 τερα
355 2550 591 2585 A.Y.O.k.r.s.
702 2557 723 2576 Π
743 2551 794 2597 ἐν]
820 2552 860 2585 τὰ
881 2552 916 2585 ἐν
937 2551 971 2585 S.
1083 2558 1102 2577 Χ
1122 2552 1283 2599 ἅπαντες]
1306 2553 1430 2588 πάντες
1449 2553 1525 2587 F.v.
1635 2559 1653 2587 Y
1673 2553 1771 2588 ὅστις

256 2604 391 2651 ἑαυτὸν]
414 2618 494 2639 ειτις·
515 2605 634 2638 ἑαυτὸν
654 2604 691 2638 F.
696 2605 731 2638 k.
736 2617 769 2638 v,
891 2610 909 2629 Ζ
930 2604 1110 2652 κρύψειεν]
1135 2605 1300 2651 κρύψοιεν
1318 2607 1355 2639 k.
1482 2611 1501 2631 ⁸·
1520 2607 1766 2653 κατηγοροῦσι]

256 2659 506 2703 κατηγοροῦμεν
527 2657 564 2691 F.
569 2670 600 2691 v.
622 2658 716 2703 quod
735 2658 863 2703 legitur
882 2670 916 2703 p.
937 2656 1026 2705 609,
1046 2666 1079 2705 7.
1243 2656 1262 2684 b
1284 2659 1415 2692 ἐκείνων
1435 2671 1504 2693 om.
1527 2659 1771 2694 A.Y.O.k.1·.s.

257 2716 274 2735 0
293 2711 404 2744 αὐτῶν
425 2710 460 2744 S.
493 2711 618 2744 ἑαυτῶν
636 2711 753 2755 vulgo.
838 2707 854 2734 d
876 2711 953 2757 τιις]
978 2713 1036 2755 τῆς
1057 2712 1094 2746 F.
1099 2724 1130 2746 v.
1215 2717 1231 2737 θ
1251 2713 1400 2756 ἀθηναῖοι
1420 2712 1625 2747 A.S.O.k.r.
1659 2712 1771 2758 Lege-

256 2764 361 2797 batur
380 2764 549 2799 δικασταί.
659 2761 672 2788 f
690 2763 803 2809 ὁπότ’]
827 2764 922 2797 ὁπότ’
943 2764 983 2798 ἂν
1004 2765 1041 2799 F.
1047 2765 1081 2799 S.
1085 2777 1116 2800 v.
1227 2773 1248 2802 g
1268 2765 1383 2799 πολλὰ
1403 2763 1432 2799 δ’
1451 2764 1646 2811 ἀνηλωκὼς]
1670 2764 1772 2799 πόλλ’

257 2817 436 2859 ἀνηλωκὼς
457 2817 492 2851 S.
655 2813 677 2841 h
696 2816 891 2862 ἀνηλωκὼς]
915 2817 1094 2853 α’ναλωκὼς
1112 2830 1144 2852 V.
1321 2814 1330 2842 i
1349 2817 1477 2866 μένειν]
1498 2818 1608 2863 μένειν
1627 2816 1667 2852 ἂν
1687 2819 1771 2853 F.S.

261 2868 275 2891 ¹<
299 2868 432 2914 ἡγοῖτο]
457 2869 570 2915 ἡγεῖτο
590 2882 621 2903 ν.
654 2868 686 2912 ἧι
704 2871 805 2903 τοῦτο
827 2871 862 2904 S.
884 2871 942 2916 qui
964 2871 1144 2917 vulgatum
1164 2871 1199 2905 in
1219 2885 1273 2917 γρ.
1294 2871 1411 2906 habet.
1537 2869 1548 2896 ¹
1567 2870 1621 2917 ε’ᾃ]
1645 2872 1712 2907 ἔδει
1731 2872 1772 2905 Α.

261 2928 289 2946 ¹¹¹
311 2922 361 2967 τί]
385 2921 441 2955 τοί
459 2935 487 2957 r.
