1954 3273
1932 0 1952 107 <nu-*fl*

265 197 349 235 822
785 197 1244 252 [ΔΗΜΟΣΘΕΝΟΎΣ]
1347 199 1429 238 ΟΡ..
1452 198 1600 238 XXV.
1622 213 1664 252 p.
1682 198 1889 249 786,14--

264 307 452 369 τούτων,
478 309 574 370 μετ’
603 311 716 374 ἀρᾶς
749 313 823 360 καὶ
856 311 1171 376 βλασφημίας
1203 312 1278 359 καὶ
1315 310 1493 376 φθόνου
1527 309 1602 358 καὶ
1638 308 1757 358 στά-

196 397 250 448 64
264 412 384 443 σεως
411 393 485 440 καὶ
511 391 720 453 “νει’κους,
739 392 1040 457 περιέρχεται.
1089 389 1167 441 εἶθ’
1195 390 1248 441 ὃν
1273 391 1402 441 t'01'136x
1427 395 1521 440 τῶν
1546 393 1593 440 ἐν
1621 391 1763 440 Αἴδου
1778 411 1812 441 15

263 477 381 522 θεῶν
425 471 542 525 εἰκός
590 476 692 524 ἐστι
741 477 895 538 τυχεῖν
937 473 1120 533 θῖλεων,
1166 475 1279 522 ἀλλ’
1325 477 1385 525 εἰς
1429 472 1534 525 τοὺς
1577 475 1764 532 ἀσεβεῖς

261 552 501 618 ἀώσθῆναι
531 555 604 606 διὰ
643 555 726 618 τὴν
763 555 989 619 πονηρίαν
1026 561 1108 604 τοῦ
1147 556 1264 616 βίου,
1298 560 1463 604 τοῦτον
1500 555 1624 615 ὑμεῖς
1657 556 1759 604 ἀδι-

259 642 429 687 κοῦντα
455 636 682 697 λαβόντες
708 638 760 686 οὐ
786 636 929 699 μόνον
955 638 1007 686 οὐ
1033 636 1372 702 τιμωρήσεσθε,
1400 636 1530 686 ἀλλὰ
1555 640 1629 686 καὶ
1657 659 1756 698 μει-

259 717 402 784 ζόνων
440 720 726 786 ἀξιώσαντες
771 722 952 785 δωρεῶν
996 719 1204 788 ἀφήσετε
1242 719 1301 783 ei)
1340 718 1446 772 τοὺς
1484 720 1721 784 εὐεργέτας
1741 741 1754 781 ;
1773 740 1814 762 ²0

258 801 347 851 τίνι
384 800 476 865 γὰρ
510 801 699 851 πώποτε
738 803 860 863 ὑμεῖς
899 801 1037 863 ἔδοτε,
1074 801 1152 851 ἐὰν
1186 801 1316 870 ὄφλῃ
1350 824 1394 851 τι
1432 806 1498 869 τῷ
1535 803 1761 870 δημοσίῳ,

259 881 415 933 1’τοῦτο
440 881 504 945 μὴ
531 883 801 932 ἕκαταθέντι
826 887 919 932 τῶν
945 883 1062 932 ’ίσων
1087 883 1322 948 μετέχεινς
1363 883 1526 932 οὐδενί.
1579 881 1643 945 μὴ
1669 884 1763 932 τοί-

257 987 338 1015 νυν
368 963 482 1028 μηδὲ
507 964 656 1033 τούτῳ
683 963 821 1014 11δότε
853 971 947 1026 νῦν,
974 963 1106 1014 ἀλλὰ
1136 964 1469 1029 τιμωρήσασθε
1506 966 1581 1014 καὶ
1610 965 1761 1030 παρά-

256 1050 421 1111 δειγμα
447 1045 697 1110 ἰποιήσατε
722 1052 816 1099 τοῖς
843 1047 1025 1100 ἄλλοις.

187 1139 239 1191 65
320 1127 492 1196 ”Αξιον
537 1130 574 1179 δ’
621 1131 763 1190 ἐστὶν,
808 1127 844 1178 ὦ
895 1129 1056 1194 ἄνδρες
1099 1130 1354 1192 Ἀθηναῖοι,
1398 1130 1472 1179 καὶ
1522 1128 1581 1179 τὰ
1631 1130 1755 1180 λοίπ’
1772 1152 1808 1182 25

255 1215 468 1262 ἀκοῦσαι·
510 1215 669 1262 δεινῶν
699 1210 791 1277 γὰρ
822 1211 968 1262 ὄντων
995 1210 1103 1261 ι(καὶ
1138 1212 1220 1261 οὐκ
1254 1210 1454 1277 ἐχόντων
1493 1210 1761 1276 ὑπερβολὴν

253 1293 318 1344 ὧν
356 1293 587 1357 ἠκούσατε
633 1294 737 1359 ἄρτι
781 1294 1004 1358 λέγοντος
1042 1293 1330 1358 Λυκούργου,
1368 1293 1427 1343 τὰ
1468 1293 1614 1343 λοιπὰ
1651 1292 1757 1343 ἐνοί-

252 1384 405 1439 μιλλα
443 1376 621 1430 τούτοις
659 1379 733 1426 καὶ
771 1380 853 1438 τῆς
886 1377 1026 1438 αὐτῆς
1061 1375 1250 1442 φύσεως
1284 1374 1590 1440 εὑρεθήσεται.
1642 1375 1760 1440 πρὸς

253 1459 336 1521 μὲν
361 1458 453 1524 γὰρ
478 1463 544 1526 τῷ
577 1458 658 1509 τὸν
689 1458 867 1524 πατέρα
897 1460 944 1508 ἐν
967 1462 1033 1526 τῷ
1060 1458 1362 1525 δεσμωτηρίῳ
1386 1456 1585 1522 προδοὺς
1612 1459 1758 1508 ἀπελ-

253 1545 348 1591 θεῖν
375 1541 430 1608 ἐξ
449 1542 700 1606 Ἐρετρίας,
728 1539 887 1606 ὥσπερ
913 1539 1144 1603 ἠκούσατε
1170 1540 1388 1604 Φαίδρου,
1409 1539 1705 1589 ἀποθανόντα
1731 1542 1847 1599 5787

252 1621 429 1685 ἀσεβὴς
466 1623 597 1675 οὗτος
636 1624 709 1672 καὶ
747 1622 912 1687 μιαρὸς
946 1623 1028 1671 οὐκ
1066 1622 1257 1689 ἔθαψεν,
1295 1621 1397 1671 οὐδὲ
1434 1626 1527 1674 τοῖς
1566 1621 1756 1689 θάψασι

184 1716 236 1755 66
250 1704 335 1768 τὴν
360 1703 517 1772 ταφὴν
543 1705 789 1765 ἀπέδωκεν,
816 1702 946 1753 ἀλλὰ
971 1706 1046 1753 καὶ
1078 1704 1207 1766 δίκην
1231 1702 1367 1769 1πρὸς
1400 1703 1583 1769 ἔλαχεν.
1637 1702 1755 1769 πρὸς

251 1786 300 1837 δὲ
321 1791 387 1854 τῷ
410 1790 492 1849 τῆς
516 1785 690 1852 μητρὸς
714 1785 778 1850 μὴ
798 1788 1140 1852 ωάπεσχῆσθαι
1165 1785 1230 1836 τὼ
1250 1791 1385 1852 χεῖρε,
1405 1784 1567 1851 ὥσπερ
1587 1787 1780 1851 ἀρτίως5

248 1869 482 1931 ἠκούσατε
516 1873 645 1919 Ι’τῶν
676 1876 693 1894 ⁰
704 1868 964 1934 μαρτύρων,
993 1871 1066 1919 καὶ
1104 1868 1190 1932 τὴν
1223 1868 1435 1935 ἀδελφὴν
1470 1868 1555 1931 τὴν
1589 1870 1753 1920 ἑαυτοῦ

248 1952 334 2017 οὐχ
370 1953 659 2017 ὁμοπατρίαν
696 1951 779 2014 μὲν
813 1953 1006 2013 Ροῦσαν,
1041 1951 1270 2017 θυγατέρα
1306 1952 1344 2001 δ’
1377 1952 1547 2014 ἐκείνης
1585 1953 1748 2002 ὁπωσ-

249 2032 420 2096 δήποτε
454 2033 706 2097 γενομένην
744 2035 821 2095 (ἐῶ
858 2033 951 2098 γὰρ
986 2039 1159 2100 τοῦτο),
1195 2034 1304 2082 ἀλλ’
1332 2032 1544 2099 ἀδελφήν
1579 2055 1645 2095 γε,
1680 2035 1751 2083 ἐπ’

247 2115 464 2182 ἐξαγωγῇ
510 2116 720 2177 ἀπέδοτο,
765 2114 827 2168 ὥς
871 2120 992 2182 φησι
1042 2114 1095 2165 τὸ
1141 2115 1353 2179 ἔγκλημα
1399 2118 1480 2177 τῆς
1524 2116 1651 2177 δίκης
1695 2113 1751 2178 ἣν

247 2196 360 2261 ὑπὲρ
386 2197 596 2247 Ἷτούτων
631 2197 799 2263 ε”λαχεν
833 2198 958 2264 αὐτῷ
994 2198 1018 2245 ὁ
1051 2196 1259 2262 χρηστὸς
1289 2196 1495 2262 ἀδελφὸς
1521 2198 1695 2257 οὑτοσὶ,
1723 2197 1747 2246 ὁ
1765 2218 1802 2239 10

178 2286 228 2336 67
245 2284 350 2328 Γνῦν
375 2278 900 2342 συναπολογησόμενος.
948 2277 1065 2342 πρὸς
1091 2277 1138 2328 δὲ
1165 2278 1343 2330 τούτοις
1367 2277 1589 2330 τοιούτοις
1615 2279 1749 2328 οὖσιν

245 2360 399 2425 ἕτερον
426 2359 587 2421 δεινὸν,
614 2365 650 2409 ὠ
682 2363 743 2424 γῆ
777 2362 850 2410 καὶ
886 2362 993 2421 θεοὶ,
1018 2361 1194 2425 πρᾶγμ’
1223 2359 1499 2410 ἀκούσεσθε.
1556 2360 1630 2410 ὅτε
1656 2360 1748 2425 γὰρ

298 2523 316 2542 ‘²
336 2518 476 2563 νείκους]
502 2519 611 2553 νίκους
630 2531 680 2563 pr.
701 2519 736 2552 S.
808 2515 827 2542 b
848 2518 925 2551 οὐδὲ
945 2521 1011 2552 τῶν
1027 2518 1078 2564 ἐν]
1103 2518 1246 2551 οὐδενων
1261 2519 1308 2551 εἶν
1322 2519 1399 2563 (sie)
1417 2531 1466 2564 pr.
1486 2519 1521 2553 S.
1590 2524 1605 2543 ⁰
1625 2517 1742 2565 ἵλεων]

242 2585 324 2620 ἵλεω
345 2587 473 2621 F.S.Y.
586 2584 603 2611 ‘¹
625 2579 801 2629 ὠσθῆναῖοι
817 2600 883 2621 rec..
904 2600 934 2620 v.
956 2588 1074 2621 addito
1093 2593 1172 2632 post
1190 2586 1268 2627 βίου
1289 2588 1393 2621 verbo
1412 2588 1577 2620 τάττεται.
1688 2592 1703 2611 0
1727 2586 1744 2629 ἢ

244 2639 425 2672 Dobraeus.
461 2639 658 2684 Legebatur
678 2639 732 2673 ὡς.
763 2638 878 2683 ὥσπερ
898 2641 939 2672 A.
1040 2637 1053 2664 f
1070 2639 1187 2684 τοῦτο]
1212 2638 1320 2685 τούτῳ
1340 2640 1412 2673 ΓΝ.
1512 2647 1532 2674 g
1552 2638 1742 2683 καταθέντι]

242 2691 373 2724 καθέντι
394 2692 465 2725 F.v.
550 2688 569 2715 ¹¹
590 2692 665 2724 δότε
686 2691 806 2725 A.S.k.
828 2698 862 2724 et
881 2704 931 2736 pr.
949 2704 980 2725 v.
1017 2692 1214 2737 Legebatul·
1233 2692 1328 2725 δῶτε.
1413 2688 1421 2715 ¹
1442 2690 1624 2737 ποιήσατε]
1649 2691 1744 2734 ποιὴ·

242 2743 353 2776 σασθε
375 2743 504 2777 3,Ῡ.Ο.
626 2741 641 2764 k
666 2743 716 2775 καὶ
737 2744 795 2775 οὐκ
817 2744 851 2776 S.
881 2745 1040 2787 οὐμενοῦν
1060 2745 1164 2788 vulgo
1184 2750 1218 2777 et
1237 2758 1291 2788 γρ.
1315 2745 1351 2777 S.
1462 2741 1471 2767 Ῑ
1494 2744 1578 2787 πρὸς
1596 2743 1739 2787 ἔλαχεν]

243 2795 464 2828 Scribebatur
482 2796 710 2839 προσέλαχεν.
809 2801 838 2818 ¹¹¹
858 2795 1092 2840 ἀπεσχῆσθαι]
1116 2796 1343 2839 ἀπεσχεῖσθιιι
1365 2796 1399 2829 S.
1428 2795 1645 2839 ἀποσχέσθαι
1667 2796 1740 2829 F.v.

242 2852 260 2869 ¹¹
281 2847 364 2892 τῶν]
389 2847 441 2880 καὶ
461 2849 526 2880 τῶν
547 2847 629 2880 5.Ῡ.
651 2847 709 2880 sed
730 2847 765 2879 in
787 2847 820 2879 S.
842 2848 999 2880 librarius
1026 2860 1139 2881 errore
1167 2848 1405 2881 animadverso
1425 2848 1476 2880 καὶ
1497 2853 1536 2880 ut
1556 2848 1741 2880 delendum

240 2899 385 2932 notavit.
485 2904 504 2922 0
523 2898 714 2944 μαρτύρων]
738 2903 926 2944 μαρτυριῶν
946 2900 987 2932 Υ.
1009 2905 1043 2933 ct
1063 2906 1206 2933 accentu
1228 2912 1330 2944 super
1350 2915 1359 2932 ι
1379 2911 1476 2933 eraso
1495 2913 1684 2943 μαρτυριων
1705 2899 1740 2932 S.

240 2954 258 2981 Ρ
279 2949 384 2983 οὖσαν
404 2963 472 2984 om.
496 2952 569 2985 FN.
664 2957 682 2983 (l
702 2949 846 2996 τούτων]
869 2950 990 2985 τούτου
1011 2957 1184 2985 correctus
1204 2952 1238 2985 k.
1335 2957 1348 2975 Γ
1368 2952 1440 2996 νῦν]
1466 2952 1536 2984 νυνὶ
1556 2952 1633 2983 A.k.
