1954 3273
221 188 306 227 814
768 182 1235 240 [ΔΗΜΟΣΘΕΝΟΎΣ]
1330 183 1411 222 On.
1438 182 1588 222 XXV.
1611 197 1650 236 p.
1670 193 1767 235 779,
1785 196 1862 220 2—

219 302 323 350 ἐστι
348 297 496 351 δεινὸν
521 297 550 363 ἢ
586 299 628 349 εἴ
649 321 730 359 τις,
758 298 814 366 ἐξ
845 295 908 347 ὧν
934 295 1095 349 Ζοῦτός
1133 297 1236 345 ε’στι
1263 302 1280 321 ³
1288 299 1455 361 μερῶν,
1483 294 1602 345 ε’ίποι
1641 299 1736 347 τοῖς

218 383 507 449 βιαζομένοις
547 382 715 450 ἐξεῖναι
753 379 951 445 ι’λε’γειν,
987 377 1016 442 ἢ
1057 383 1150 431 τοῖς
1187 379 1237 427 ἐκ
1277 382 1360 427 τοῦ
1398 377 1737 442 δεσμωτηρίου,

218 465 247 531 ἢ
273 471 369 519 τοῖς
395 464 459 516 ὧν
485 464 778 515 Οάπέκτεινεν
804 463 828 512 ὁ
863 465 1007 525 δῆμος
1045 460 1151 514 τοὺς
1186 459 1402 525 πατέρας,
1428 456 1458 523 ἢ
1489 465 1585 513 τοῖς
1611 461 1730 510 ἀπο-

219 549 627 613 δεδοκιμασμένοις
668 548 826 614 ἄρχειν
869 551 1117 612 λαχοῦσιν,
1161 543 1190 609 ἢ
1232 548 1328 597 τοῖς
1369 544 1618 611 ὀφείλουσι
1669 548 1764 613 τῴδ

219 635 446 702 δημοσίῳ,
474 632 502 697 ἢ
528 638 624 685 τοῖς
650 630 878 698 καθάπαξ
899 630 1093 692 ἀτίμοις,
1115 627 1144 692 ἢ
1170 632 1267 681 τοῖς
1299 626 1635 693 πονηροτάτοις
1660 631 1735 677 καὶ

149 715 438 768 37ἀδοκοῦσι
477 718 552 766 καὶ
591 716 714 765 οὖσι·
757 712 913 765 πάντα
942 711 1035 779 γὰρ
1073 714 1202 763 ταῦθ’
1233 711 1430 778 ὑπάρχει
1468 710 1631 780 τούτῳ,
1658 713 1734 762 καὶ

505 797 625 852 freis
650 796 878 863 goffiamp
904 795 1038 849 οὗτός
1064 797 1166 846 ε’στι
1191 795 1276 859 τὴν
1303 794 1466 863 φύσιν.
1514 794 1604 860 ἐγὼ
1624 793 1731 860 γὰρ,

215 881 253 933 ὦ
286 883 449 949 ἄνδρες
482 884 741 946 Ἀθηναῖοι,
781 880 948 946 νομίζω
983 879 1067 944 μὲν
1102 877 1242 929 αὐτὸν
1281 880 1356 929 καὶ
1393 879 1465 947 ἐφ’
1500 877 1567 931 οἷς
1607 877 1624 905 ¹¹

217 798 480 866 ε’πρόσεστι

1634 879 1733 929 νυνὶ
1751 898 1789 919 10

216 970 343 1017 ποιεῖ
371 965 558 1018 δικαίως
589 963 647 1015 ἀν
673 966 937 1024 ἀποθανεῖν,
964 960 1090 1013 πολὺ
1124 961 1280 1025 με’ντοι
1315 966 1520 1024 μᾶλλον,
1547 959 1576 1025 ὴ
1603 960 1735 1011 οὐδέν

216 1072 271 1114 γε
309 1049 462 1113 ἧττον,
490 1049 561 1115 ἐφ’
590 1046 656 1100 οἷς
692 1045 836 1110 δῆλός
873 1047 977 1095 ἐστι
1013 1043 1242 1108 ποιήσων,
1276 1048 1314 1095 εἷ
1351 1043 1435 1108 τὴν
1469 1045 1579 1110 παρ’
1609 1046 1736 1106 ὑμῶν

148 1133 437 1201 38ἐξουσίαν
462 1131 671 1200 λήψεται
710 1131 785 1180 καὶ
819 1127 994 1195 καιρόν·
1038 1127 1063 1179 ὃ
1099 1127 1162 1191 μὴ
1189 1127 1386 1193 γένοιτο.
1446 1126 1471 1178 ὃ
1507 1130 1581 1178 καὶ
1616 1132 1730 1178 θαυ-

214 1216 402 1279 μαστόν
440 1217 586 1276 ἐστιν,
626 1214 668 1264 εἴ
702 1236 771 1266 τις
810 1214 939 1275 ὑμῶν
980 1213 1142 1277 ἀγνοεῖ
1177 1210 1247 1261 ὅτι
1285 1211 1361 1262 ἐπὶ
1393 1209 1478 1274 μὲν
1516 1209 1664 1260 καλὸν
1704 1209 1732 1274 ἢ

215 1299 428 1367 χρηστὸν
467 1298 495 1363 ὴ
530 1301 613 1362 τῆς
654 1297 840 1349 πόλεως
882 1295 1016 1364 ἄξιον
1055 1299 1253 1360 πρᾶγμα
1293 1292 1426 1343 οὐδὲν
1464 1292 1596 1347 οὗτός
1631 1294 1733 1343 ἐστι
1751 1313 1785 1344 15

216 1383 449 1450 χρήσιμος
489 1381 574 1446 (μὴ
610 1381 716 1447 γὰρ,
744 1377 780 1430 ὦ
815 1383 906 1430 Ζεῦ
945 1379 1021 1429 καὶ
1059 1379 1168 1439 θεοὶ,
1193 1376 1404 1440 τοσαύτη
1437 1375 1609 1428 σπάνις
1646 1377 1728 1425 ἀν-

217 1470 341 1533 δρῶν
378 1466 558 1531 γε’νοιτο
596 1468 654 1532 τῇ
692 1462 844 1524 πόλει,
872 1461 996 1512 ὥστε
1033 1459 1162 1527 παρὰ
1200 1460 1606 1526 Ἀριστογείτονος
1641 1463 1736 1508 τῶν

217 1554 377 1601 καλῶν
420 1572 464 1599 τι
513 1548 849 1615 ποιήσασθαι)·
890 1547 965 1613 ἐφ’
1011 1543 1041 1594 ἃ
1084 1545 1121 1593 δ’
1166 1539 1223 1594 ἂν
1268 1545 1343 1593 καὶ
1392 1541 1625 1608 χρήσαιτό
1666 1564 1735 1595 τις

215 1633 408 1702 τοιούτῳ
437 1633 595 1700 θηρίῳ,
622 1630 913 1697 ἀπεύχεσθαι
946 1632 1041 1681 τοῖς
1072 1631 1190 1680 θεοῖς
1215 1624 1280 1690 μὴ
1307 1625 1529 1691 γενέσθαι
1555 1627 1638 1675 δεῖ.
1696 1629 1788 1675 εἶτο

216 1718 254 1767 δ’
296 1717 388 1783 ἄρα
424 1715 671 1778 ἰσυμβαίη,
706 1711 857 1779 μεῖζόν
894 1713 1024 1762 ἐστιν
1062 1709 1300 1777 εὐτύχημα
1337 1713 1395 1776 τῇ
1433 1708 1569 1760 πόλει
1610 1710 1729 1760 ἀπο-

216 1803 362 1866 ρῆσαι
389 1798 495 1852 τοὺς
521 1796 837 1860 βουλομένους
865 1794 1155 1863 ἐξαμαρτεῖν,
1182 1794 1237 1843 δι’
1266 1793 1320 1843 οὗ
1345 1798 1484 1843 τοῦτο
1508 1790 1736 1856 ποιήσου-

150 1905 204 1946 39
217 1908 310 1945 σιν,
337 1883 366 1948 ἢ
401 1889 567 1934 τοῦτον
601 1880 850 1949 ἀφειμένον
875 1880 1031 1931 αὐτοῖς
1069 1879 1251 1940 ἕτοιμον
1287 1876 1509 1944 ὑπάρξαι.
1569 1876 1619 1926 τί
1640 1874 1734 1940 γὰρ

1262 1959 1283 1986 k

217 1968 350 2021 οὗτος
376 1967 615 2031 ὀκνήσειεν
642 1964 711 2026 ἂν,
739 1962 775 2014 ὦ
800 1964 964 2029 ἄνδρες
982 1963 1237 2024 Ἀθηναῖοι,
1291 1964 1386 2010 τῶν
1406 1960 1678 2024 ἀνηκέστων
1703 1958 1732 2023 ὴ

216 2055 391 2114 δεινῶν,
433 2051 682 2116 ἅνθρωπος
716 2045 880 2114 μιαρὸς
919 2047 994 2096 καὶ
1030 2047 1257 2110 πατρικῆς
1290 2043 1461 2110 ε”χθρας
1497 2041 1616 2109 πρὸς
1651 2041 1784 2095 τὸνπε.

217 2138 365 2198 δῆμον
406 2133 700 2197 ἀνάμεστος;
741 2132 810 2184 τίς
852 2134 893 2181 δ’
932 2130 989 2180 οἲν
1027 2129 1179 2181 ἄλλος
1221 2126 1443 2191 1μᾶλλον,
1483 2125 1508 2176 ὃ
1549 2125 1613 2189 μὴ
1650 2125 1731 2191 γέ-

149 2248 204 2286 40
218 2241 356 2279 νοιτο,
389 2217 706 2284 ωάνατρέψειε
745 2213 830 2277 τὴν
868 2213 1024 2275 πόλιν,
1064 2217 1101 2262 εἰ
1140 2210 1323 2272 λάβοιτ’
1352 2210 1604 2278 ἐξουσίας,
1649 2210 1735 2275 οὐχ

218 2302 354 2368 ὁρᾶτε
381 2300 451 2351 ὅτι
476 2303 558 2362 τῆς
585 2299 774 2366 φύσεως
801 2298 941 2346 αὐτοῦ
967 2297 1042 2345 καὶ
1067 2297 1177 2357 11τῆς
1201 2294 1441 2347 πολιτείας
1475 2294 1528 2343 οὐ
1554 2299 1730 2358 λογισ-

217 2389 304 2455 μὸς
349 2391 445 2440 οὐδ’
486 2388 624 2440 αἰδὼς
669 2387 869 2449 οὐδεμία,
915 2385 1026 2434 ἀλλ’
1067 2382 1264 2434 ἀπόνοια
1309 2383 1500 2446 ἡγεῖται,
1545 2386 1735 2445 μᾶλλον

219 2476 256 2525 δ’
291 2473 405 2524 ὅλον
444 2473 575 2522 ἐστὶν
613 2469 810 2521 ἀπόνοια
848 2469 875 2531 ἡ
915 2467 1115 2518 Οτούτου
1152 2466 1395 2525 πολιτείας
1441 2464 1470 2529 ἢ
1508 2465 1734 2531 μέγιστον

274 2603 291 2621 2
312 2595 410 2632 οὗτός
431 2596 522 2641 ἐστι]
548 2595 642 2629 ἐστὶν
662 2593 760 2628 οὗτος
781 2594 853 2627 ΡΝ.
957 2598 975 2617 ²¹
994 2591 1121 2638 μερῶν]
1146 2593 1276 2637 μέτρων
1298 2591 1341 2625 Ο.
1448 2586 1467 2614 b
1487 2589 1617 2634 λέγειν]
1641 2587 1734 2633 λέγει

220 2650 314 2685 Υ.Ο.
427 2655 443 2674 ⁰
462 2649 653 2682 ἀπέκτεινεν
673 2648 690 2679 ὁ
711 2646 830 2691 δῆμος]
856 2647 873 2679 ὁ
894 2647 995 2690 δῆμος
1016 2645 1188 2679 ἀπέκτεινε
1207 2645 1366 2678 A.F.k.v.
1477 2639 1495 2667 d
1522 2643 1663 2676 δοκοῦσι
1682 2641 1735 2674 καὶ

220 2703 299 2737 οὖσι
316 2702 449 2737 S.Y.O.
482 2701 681 2747 Legebatur
700 2699 778 2733 οὖσι
798 2700 847 2733 καὶ
869 2699 1040 2733 δοκοῦσιν.
1110 2704 1126 2723 e
1145 2697 1334 2744 πρόσεστι]
1358 2710 1501 2742 προσετι
1521 2696 1564 2729 Y.
1634 2691 1649 2719 f
1665 2695 1735 2728 τοῖς

220 2769 289 2791 om.
313 2755 442 2790 S.Y.0.
472 2753 604 2789 τούτοις
623 2765 694 2788 rec.
714 2753 750 2786 k.
871 2757 891 2785 g
910 2750 1053 2797 οἷόσπερ
1073 2752 1114 2785 Α.
1136 2757 1170 2785 et
1191 2751 1327 2785 codices
1347 2750 1416 2783 duo
1437 2748 1587 2794 Taylori.
1619 2747 1731 2792 Lege-

220 2810 323 2844 batur
343 2807 423 2844 οἶος.
454 2808 557 2842 Conf.
581 2807 625 2841 ad
645 2820 678 2852 p.
697 2804 785 2850 613,
806 2816 842 2853 9.
982 2802 1001 2829 ¹¹
1023 2805 1110 2850 νυνὶ]
1136 2807 1194 2838 νῦν
1214 2804 1289 2838 F.v.
1420 2800 1427 2828 ἰ
1449 2799 1619 2847 συμβαίη]
1645 2815 1731 2844 συμ-

219 2864 300 2906 βαίη
320 2877 352 2896 τι
371 2877 426 2908 γρ.
450 2862 484 2895 S.
569 2859 585 2882 k
607 2861 691 2906 τῶν]
718 2861 857 2902 ποιῆσαι
877 2861 944 2892 τῶν
963 2873 1019 2903 γρ.
1043 2859 1079 2893 S.
1165 2854 1174 2882 ¹
1194 2858 1328 2900 μᾶλλον
1348 2868 1416 2890 om.
1438 2856 1516 2889 A.k.
1603 2860 1632 2878 ¹¹¹
1653 2853 1731 2887 ἀνα-

221 2915 378 2962 τρέψειε]
400 2916 514 2949 πᾶσαν
533 2914 735 2959 ἀνατρέψειε
756 2914 791 2946 k.
904 2917 921 2936 ¹¹
943 2913 999 2954 τῆς
1021 2923 1090 2945 om.
1115 2911 1197 2945 S.Y.
1309 2915 1327 2934 0
1346 2907 1486 2953 τούτου]
1510 2906 1638 2941 τούτων
1654 2906 1698 2940 Ο.
