1954 3273
870 516 974 566 ΚΕ.

367 666 590 720 ΚΑΤΑ
641 668 1354 723 ΑΡΙΣΤΟΓΕΙΤΟΝΟΣ
1407 670 1478 721 Α.

833 842 1002 850 ————a

801 969 1037 999 ΥΠΟΘΕΣῙΣ,

214 1060 438 1107 Πυθάγγελος
472 1061 525 1095 καὶ
557 1061 700 1105 Σκάφων
734 1061 862 1095 ἰδόντες
893 1059 1063 1106 Ἱεροκλέα
1095 1060 1246 1104 φέροντα
1281 1059 1352 1104 ἱερὰ
1387 1059 1511 1102 ἱμάτια,
1546 1056 1602 1103 ἐφ’
1631 1054 1681 1094 οἷς

159 1125 213 1158 καὶ
237 1126 352 1170 χρυσᾶ
376 1125 557 1170 γράμματα
583 1122 622 1166 ἦν
647 1124 815 1167 δηλοῦντα
843 1123 921 1158 τοὺς
947 1123 1142 1163 ἀναθέντας,
1169 1122 1343 1168 ἀπάγουσι
1370 1122 1456 1167 πρὸς
1484 1122 1563 1157 τοὺς
1592 1136 1677 1167 πρυ-ι

159 1189 269 1223 τάνεις
291 1188 335 1223 ὣς
359 1189 552 1233 ἱερόσυλον,
577 1188 609 1221 οἱ
631 1187 667 1221 δέ
695 1189 736 1230 τῇ
764 1187 928 1232 ὑστεραίᾳ
953 1187 1158 1221 καθιστᾶσιν
1183 1186 1230 1221 εἷς
1255 1186 1317 1229 τὴν
1342 1184 1534 1229 ἐκκλησίαν.
1574 1186 1709 1230 κάκεῖ-5

160 1265 216 1287 νος
238 1251 305 1285 ὑπὸ
327 1253 387 1295 τῆς
412 1249 532 1297 ἱερείας
556 1252 624 1296 ἔφη
650 1251 821 1295 πεμφθεὶς
845 1252 966 1289 λαβεῖν
991 1251 1033 1284 τὰ
1062 1251 1186 1294 ἱμάτια,
1209 1248 1262 1284 ἵνα
1285 1250 1408 1293 κομίσῃ
1428 1251 1514 1295 πρὸς
1532 1251 1572 1284 τὸ
1593 1250 1683 1295 ἱερὸν

160 1314 371 1360 κυνηγέσιον.
419 1314 563 1348 ἐνταῦθα
592 1312 858 1359 Ἀριστογείτων
887 1315 1014 1359 γράφει
1045 1314 1218 1359 ψήφισμα
1252 1317 1388 1359 πρῶτον
1420 1315 1481 1357 μὲν
1510 1314 1682 1360 ἀπροβού-

158 1380 294 1419 λευτον,
326 1379 472 1412 ὃὲπειτα
505 1378 711 1418 δεινότατον,
744 1374 928 1419 ἲ’κελεῦον,
960 1378 1018 1411 ἐὰν
1048 1378 1110 1421 μὲν
1140 1379 1293 1424 ὁμολογῇ
1326 1379 1367 1411 τὰ
1402 1378 1513 1421 ἱμάτια
1547 1379 1681 1424 ἐξενεγ-

161 1444 239 1483 κεῖν,
269 1441 451 1477 ἀποθανεῖν
483 1442 587 1475 αὐτὸν
619 1441 748 1481 αὐτίκα,
780 1441 837 1475 ἐὰν
870 1440 898 1475 δ’
928 1440 1079 1486 ἀρνῆται,
1114 1438 1300 1486 κρίνεσθαι·
1341 1441 1379 1484 ἐξ
1411 1439 1450 1474 οὗ
1484 1442 1684 1482 συνέβαινεν
1695 1436 1776 1489 768

160 1507 250 1554 αὐτῷ
281 1505 536 1552 ὁμολογήσαντι
571 1506 633 1549 μὲν
665 1505 809 1549 τάληθὲς
842 1505 1047 1550 παραχρῆμα
1081 1504 1247 1545 τεθνάναι,
1282 1504 1410 1550 ἐξάρνῳ
1443 1503 1481 1538 δὲ
1512 1504 1683 1553 γενομένῳ

159 1569 232 1614 μετ’
253 1569 373 1616 ὀλίγον
394 1571 497 1603 τοῦτο
522 1569 652 1604 παθεῖν.
691 1571 793 1603 τοῦτο
816 1569 855 1602 τὸ
878 1567 1051 1613 ψήφισμα
1073 1568 1297 1613 γραψάμενος
1323 1566 1525 1612 παρανόμων
1545 1570 1707 1608 ΟΦανό-,ἱ

162 1648 310 1679 στρατος
341 1629 391 1667 db
423 1632 630 1678 Ἱεροκλέους
662 1634 723 1666 τοῦ
755 1630 1006 1666 κινδυνεύοντος
1037 1630 1162 1675 πατὴρ,
1197 1630 1562 1676 συγκατηγορὴσαντος
1592 1635 1682 1666 erosa

163 1697 415 1742 Δημοσθένους,
439 1698 526 1742 αἱρεῖ
550 1698 763 1742 παρανόμων,
793 1697 846 1729 καὶ
873 1698 954 1739 τιμᾷ
978 1696 1018 1729 τὸ
1044 1695 1261 1740 δικαστήριον
1284 1695 1556 1742 Ἀριστογείτονι
1583 1698 1682 1731 πέντε

162 1763 348 1796 ταλάντων.
398 1763 499 1795 τοῦτο
536 1761 598 1804 μὲν
635 1760 674 1803 δὴ
712 1762 849 1805 πρῶτον
881 1756 1047 1804 Ῐὸφλημα
1085 1758 1355 1804 Ἀριστογείτονι
1386 1757 1527 1804 γίνεται·
1567 1761 1683 1795 ἔπειτα

162 1824 371 1871 ἕἭγήμονα
395 1825 618 1870 γραψάμενος
645 1823 698 1857 καὶ
725 1824 785 1857 τὸν
813 1823 927 1868 ἀγῶνα
952 1820 1194 1865 ιἸάποδόμενος
1220 1818 1318 1866 ὦφλε
1344 1820 1470 1866 χιλίας.
1513 1823 1573 1857 οὐκ
1597 1823 1682 1858 ἀπο·
1700 1832 1738 1853 10

162 1889 282 1924 δόντος
314 1887 343 1922 δ’
374 1889 479 1922 αὐτοῦ
517 1889 600 1922 κατὰ
633 1887 694 1931 τὴν
728 1886 918 1932 ὡρισμένην
955 1886 1169 1931 προθεσμίαν
1207 1886 1388 1919 διπλοῦται
1426 1886 1467 1920 τὰ
1501 1885 1686 1931 ὀφλήματα

163 1953 245 1986 κατὰ
270 1953 330 1986 τὸν
356 1953 470 1995 νόμον,
499 1953 552 1985 καὶ
578 1951 705 1996 γίνεται
732 1949 810 1984 δέκα
838 1951 988 1984 τάλαντα
1015 1950 1069 1982 καὶ
1094 1949 1263 1993 δισχίλιαι
1291 1948 1451 1993 δραχμαί.
1496 1949 1580 1994 ὑπὲρ
1605 1949 1684 1983 τού·

164 2030 230 2050 των
260 2019 327 2049 τῶν
361 2016 541 2060 χρημάτων
570 2014 766 2060 ἀπογράφει
798 2028 830 2047 τι
864 2013 911 2048 εἷς
944 2013 983 2046 τὸ
1018 2013 1182 2056 δημόσιον
1215 2010 1341 2057 χωρίον
1375 2013 1507 2053 ἑαυτοῦ,
1537 2009 1613 2046 ἰκαὶ
1645 2014 1736 2053 τὸ15

162 2079 288 2125 χωρίον
321 2081 420 2113 τοῦτο
453 2081 606 2122 Εὔνομος
638 2075 805 2111 Κῶνεῖται
842 2078 860 2110 ὁ
898 2076 1049 2121 ἀδελφὸς
1087 2076 1203 2115 αὐτοῦ,
1238 2076 1334 2120 τάξιν
1367 2075 1593 2119 αἰτησάμενος
1625 2079 1685 2110 τοῦ

163 2143 377 2189 ὀφλήματος,
405 2142 496 2176 ὥστε
523 2142 557 2176 ἐν
583 2142 660 2176 δέκα
688 2143 802 2175 ἔτεσιν
830 2141 959 2174 ἐκτῖσαι
985 2141 1024 2173 rb
1053 2138 1202 2183 σύμπαν,
1225 2137 1295 2172 καθ’
1316 2138 1460 2172 ἕκαστον
1484 2140 1559 2174 ἔτος
1584 2140 1688 2175 τιθεὶς

163 2210 202 2241 τὸ
240 2208 432 2248 ἐπιβάλλον
468 2208 582 2252 μέρος.
632 2205 692 2240 δύο
730 2206 791 2249 μὲν
828 2204 868 2248 δὴ
906 2203 1098 2244 καταβολὰς
1135 2202 1312 2248 ἀπήνεγκε,
1349 2203 1498 2236 τάλαντα
1536 2202 1597 2236 δύο
1635 2204 1687 2236 καὶ

164 2270 316 2315 δραχμὰς
348 2269 579 2315 τετρακοσίας·
619 2269 658 2302 τὸ
692 2269 728 2302 δὲ
765 2268 888 2301 λοιπὸν
922 2265 1113 2312 ὀφείλεται,
1148 2267 1298 2299 τάλαντα
1330 2265 1416 2299 ὀκτὼ
1455 2267 1507 2299 καὶ
1539 2266 1687 2311 δραχμαὶ
1700 2274 1740 2296 20

163 2335 272 2379 χίλιαι
301 2334 354 2367 καὶ
383 2334 567 2377 ἑξακόσιαι.
607 2332 714 2365 δοκῶν
743 2329 802 2365 οὖν
829 2331 921 2375 ἔχειν
949 2332 967 2363 ὁ
996 2330 1261 2376 Ἀριστογείτων
1291 2331 1352 2362 τοῦ
1384 2329 1498 2375 λέγειν
1527 2330 1687 2374 ἐξουσίαν

165 2399 217 2432 καὶ
245 2397 361 2441 μηκέτι
386 2396 552 2441 ὀφείλειν,
581 2395 695 2439 ἐπειδὴ
720 2392 898 2440 1χρήστην
923 2394 1088 2428 ἀντέδωκε
1114 2396 1155 2436 τῇ
1183 2395 1297 2433 πόλει,
1325 2393 1377 2427 καὶ
1403 2393 1572 2438 ἐγράφετο
1600 2395 1685 2428 πολ-

165 2461 248 2496 λοὺς
271 2461 324 2495 καὶ
343 2460 556 2505 ἐδημηγόρει,
577 2462 644 2493 τῶν
666 2460 776 2503 νόμων
795 2460 854 2492 τὸν
874 2457 1060 2503 ὀφείλοντα
1083 2460 1130 2505 τῷ
1149 2458 1313 2504 δημοσίῳ,
1334 2456 1474 2502 Πῑμέχρι
1493 2455 1534 2492 ἂν
1553 2457 1684 2501 ἐκτίσῃ,
1699 2468 1736 2498 25

222 2602 241 2622 a
257 2598 374 2631 ἔπειτα
394 2596 541 2631 codices.
573 2597 687 2630 ἔπειτα
707 2595 744 2629 δὲ
764 2595 881 2641 vulgo.
983 2590 1003 2619 b
1023 2593 1176 2639 κελεῦον]
1202 2591 1346 2627 κελεύων
1366 2592 1441 2626 F.v.
1541 2597 1557 2616 0
1577 2594 1683 2626 Φανό-

167 2649 332 2695 στρατος]
357 2649 576 2695 φωνόκρατος
595 2662 627 2683 v.
739 2645 757 2674 d
779 2649 797 2681 ὁ
817 2660 888 2682 om.
911 2647 985 2682 FN.
1106 2653 1122 2672 e
1142 2649 1203 2681 τοῦ
1223 2643 1478 2689 Δημοσθένους]
1502 2644 1605 2677 αὐτοῦ
1626 2645 1683 2687 δη-

166 2703 356 2746 μοσθένους
376 2703 416 2737 F.
501 2699 515 2726 f
534 2701 676 2746 ὄφλημα
695 2701 843 2736 codices.
874 2700 1063 2745 ἀπόφλημα
1082 2700 1199 2745 vulgo.
1289 2704 1309 2731 g
1327 2695 1522 2742 Ἡγήμονα]
1549 2697 1684 2731 Scribe-

166 2756 270 2790 batur
287 2754 473 2801 “Ηγεμόνα.
510 2755 619 2789 Recte
639 2755 808 2800 seriptum
828 2766 861 2799 p.
883 2752 969 2799 784.
1133 2750 1152 2777 h
1172 2750 1398 2796 ἀποδόμενος]
1423 2749 1627 2783 Addebatur
1645 2751 1685 2783 rb

167 2809 322 2852 πέμπτον
341 2810 443 2854 μέρος
461 2808 506 2851 μὴ
525 2808 644 2848 λαβὼν
662 2810 730 2841 τῶν
748 2805 892 2851 ψήφων.
927 2806 1066 2840 Delevit
1085 2805 1266 2851 Taylorus.
1377 2799 1388 2826 i
1407 2802 1460 2835 καὶ
1479 2813 1550 2836 0111.
1572 2815 1603 2836 v.
1625 2803 1685 2847 qui

167 2861 243 2895 haec
261 2862 302 2894 rb
320 2861 604 2906 χωρίον-αὐτοῦ
623 2859 714 2893 infra
732 2859 833 2905 ponit
852 2864 932 2904 post
950 2859 1010 2892 illa
1028 2859 1068 2892 rb
1084 2859 1275 2898 ἐπιβάλλον
1294 2856 1407 2899 μέρος.
1492 2852 1508 2875 ¹³
1531 2854 1681 2900 ὠνεῖται]

169 2914 285 2947 ὠνεῖτο
304 2925 336 2947 v.
463 2910 474 2937 l
493 2911 664 2958 χρήστην]
686 2926 841 2958 χρηστην
861 2911 934 2946 sine
955 2916 1102 2946 accentu
1121 2911 1175 2952 B„
1197 2911 1258 2945 sed
1277 2908 1395 2953 paullo
1415 2913 1495 2952 post
1514 2909 1682 2952 χρηστοῦ.

168 2971 199 2990 m
218 2965 335 3012 μέχρι]
358 2965 477 3011 μέχρις
497 2966 572 3002 F.V.
1206 2967 1209 2969 ’
