1954 3273
104 209 306 253 -775,3.
623 207 764 244 ΚΑΤΑ
799 204 1269 243 ΑΡΙΣΤΟΓΕΙΤΟΝΟΣ
1302 206 1348 243 Α.
1664 201 1749 244 809

230 319 433 365 οικεῖται.
501 317 708 367 Γτούτων
748 318 785 367 δ’
829 316 857 379 ἡ
901 315 987 377 μὲν
1031 314 1178 380 φύσις
1222 316 1353 364 ἐστὶν
1397 315 1597 364 ἄτακτον
1638 316 1747 363 ςκαὶ

230 398 484 461 ἀνώμαλον
516 403 591 450 καὶ
625 402 722 450 κατ’
751 401 922 465 ἵὸίνδρα
955 400 1072 449 ἰ’διον
1106 405 1190 449 τοῦ
1223 399 1422 465 ἔχοντος,
1450 402 1491 448 οἱ
1530 397 1578 448 δὲ
1615 395 1800 459 νόμοιιο

167 481 413 531 18“κοινὸν
438 485 544 533 Χκαὶ
580 484 863 548 τεταγμένον
896 484 972 532 καὶ
1007 481 1149 533 ταύτὸ
1175 487 1339 533 πᾶσιν.
1379 483 1406 544 ἡ
1433 481 1517 543 μὲν
1544 482 1624 530 οὖν
1650 480 1743 547 φύ-

229 588 319 627 σις,
364 564 423 615 ἂν
463 564 492 633 ᾗ
536 568 735 633 πονηρὰ,
776 567 1012 620 πολλάκις
1057 571 1222 634 φαῦλα
1263 574 1279 602 y
1287 566 1527 626 βούλεται·
1591 562 1749 628 διόπερ

229 647 336 701 τοὺς
360 649 596 704 τοιούτους
622 651 1058 719 Ζἐξαμαρτάνοντας
1085 649 1322 716 εὑρήσετε.
1366 653 1433 699 ³02
1459 647 1507 698 δὲ
1536 647 1667 710 νόμοι
1693 646 1748 696 τὸ

228 729 434 782 1)δίκαιον
472 736 547 783 καὶ
585 733 639 784 τὸ
678 733 828 785 καλὸν
866 736 941 784 καὶ
982 733 1036 784 τὸ
1077 733 1327 799 συμφέρον
1365 732 1634 793 βούλονται,
1671 733 1748 781 καὶ

228 820 367 865 τοῦτο
388 816 593 881 ζητοῦσι,
612 819 687 867 καὶ
708 817 894 868 ἐπειδὰν
913 819 1092 883 εὑρεθῇ,
1109 816 1264 867 κοινὸν
1279 822 1417 867 τοῦτο
1433 815 1748 881 επρόσταγμα
1767 834 1801 865 ¹5

167 900 491 966 19ἀπεδείχθη,
529 905 678 951 πᾶσιν
715 901 823 951 ἴσον
865 903 940 951 καὶ
976 900 1148 964 ὅμοιον,
1189 902 1263 951 καὶ
1297 901 1418 951 τοῦτ’
1458 900 1560 950 ε”στι
1594 899 1747 962 νόμος,

227 979 265 1049 ᾧ
306 982 488 1036 πάντας
525 981 807 1035 ἀπείθεσθαι
843 984 1073 1050 προσήκει
1112 984 1188 1034 διὰ
1224 984 1402 1045 πολλὰ,
1439 986 1514 1034 καὶ
1549 981 1746 1045 μάλισθ’

227 1065 298 1115 ὅτι
335 1071 429 1119 πᾶς
467 1069 569 1117 ἐστὶ
608 1066 747 1130 νόμος
781 1070 957 1134 εὕρημα
991 1067 1076 1130 μὲν
1111 1070 1187 1117 καὶ
1223 1071 1402 1133 θδῶρον
1434 1071 1565 1127 θεῶν,
1592 1065 1748 1131 δόγμα

227 1149 264 1198 δ’
296 1148 577 1215 ἷάνθρώπων
604 1152 861 1218 φρονίμων,
888 1151 1200 1217 ἐπανόρθωμα
1226 1150 1274 1202 δὲ
1299 1155 1393 1201 τῶν
1419 1151 1645 1200 ἑκουσίων
1671 1151 1747 1199 καὶ
1762 1169 1802 1190 20

228 1232 464 1283 ἀκουσίων
502 1235 864 1300 ἁμαρτημάτων,
899 1234 1084 1288 πόλεως
1120 1235 1168 1286 δὲ
1209 1234 1421 1299 συνθήκη
1461 1233 1603 1298 κοινὴ,
1642 1235 1745 1284 καθ’

161 1342 213 1369 20
227 1315 283 1379 ἢν
322 1320 471 1366 ἕπᾶσι
505 1317 735 1382 προσήκει
769 1317 849 1383 ζῆν
882 1324 976 1371 τοῖς
1011 1320 1060 1368 ἐν
1095 1323 1152 1385 τῇ
1189 1318 1340 1370 πόλει.
1381 1318 1513 1368 ἀλλὰ
1547 1317 1640 1381 μὴν
1679 1317 1750 1367 ὅτι

228 1405 310 1450 νῦν
336 1399 735 1465 ιιἈριστογείτων
760 1406 856 1454 τοῖς
882 1401 966 1464 μὲν
993 1404 1074 1464 τῆς
1112 1402 1347 1469 ἐνδείξεως
1382 1402 1572 1454 δικαίοις
1597 1398 1744 1450 ἰἅπα-

1200 1484 1410 1538 1ἀνεκτὸς
1437 1486 1561 1552 αὐτῷ
1588 1482 1749 1548 λόγος,

226 1506 308 1533 σιν
334 1481 553 1545 ἑάλωκεν,
581 1484 733 1550 ἕτερος
760 1486 797 1534 δ’
827 1484 1005 1538 ι*οὐδεὶς
1044 1485 1175 1535 ἔστιν

225 1569 330 1633 περὶ
357 1567 537 1617 τούτων
568 1566 731 1635 ῥᾴδιον
765 1568 964 1636 διδάξαι.
1008 1571 1134 1619 δυοῖν
1159 1568 1253 1634 γὰρ
1279 1576 1309 1594 ¹¹³
1327 1568 1493 1627 ὄντοιν,
1520 1566 1556 1617 (ἶ)
1583 1567 1748 1632 ἄνδρες
1762 1590 1799 1621 25

226 1652 483 1714 Ἀθηναῖοι,
510 1649 574 1700 ὧν
601 1651 733 1701 ἕνεκα
758 1651 930 1705 πάντες
956 1660 974 1678 ¹¹
987 1653 1189 1702 τίθενται
1217 1656 1258 1702 οἱ
1294 1651 1438 1715 νόμοι,
1465 1657 1549 1701 τοῦ
1574 1674 1624 1701 τε
1650 1674 1742 1715 μη-

227 1732 335 1783 δένα
358 1732 501 1797 μηδὲν
527 1732 552 1784 ὃ
586 1732 651 1797 μὴ
678 1733 854 1784 δίκαιόν
884 1736 984 1784 ε’στι
1024 1740 1186 1797 ποιεῖν,
1215 1737 1289 1785 καὶ
1322 1741 1404 1785 τοῦ
1444 1733 1550 1788 τοὺς
1587 1757 1743 1800 παρα-

225 1816 475 1876 βαίνοντας
538 1822 685 1867 ταῦτα
745 1816 1081 1881 κολαζομένους
1132 1819 1350 1877 βελτίους
1413 1816 1519 1870 τοὺς
1570 1816 1749 1868 ἄλλους

225 1905 387 1962 ποιεῖν,
425 1900 708 1968 ἀμφοτέροις
746 1901 954 1953 Οτούτοις
990 1901 1124 1954 οὗτος
1166 1900 1325 1968 ε”νοχος
1365 1899 1429 1950 ὢν
1468 1899 1746 1968 φανήσεται.

226 1985 300 2033 ἐπὶ
327 1983 411 2045 μὲν
437 1983 530 2050 γὰρ
557 1983 625 2037 οἷς
657 1984 714 2052 ἐξ
736 1985 883 2051 ἀρχῆς
920 1984 1106 2049 παρέβη
1140 1982 1248 2037 τοὺς
1287 1983 1468 2047 νόμους,
1495 1983 1555 2034 τὰ
1581 1982 1742 2051 ὀφλή-

226 2068 332 2128 ματ’
373 2068 498 2135 αὐτῷ
535 2067 742 2132 γέγονεν·
787 2069 861 2118 ἐπὶ
906 2071 946 2118 δ’
985 2067 1051 2121 οἷς
1086 2069 1168 2118 οὐκ
1207 2068 1388 2131 ἐμμένει
1422 2068 1615 2130 τούτοις,
1663 2075 1808 2130 νῦν77
1817 2089 1841 2130 5

226 2152 301 2201 ἐπὶ
336 2150 422 2214 τὴν
453 2153 561 2217 παρ’
592 2153 720 2213 ὑμῶν
756 2151 917 2215 ἄγεται
956 2152 1195 2217 τιμωρίαν,
1230 2149 1356 2202 ὥστε
1392 2153 1622 2215 μηδεμίαν
1658 2176 1744 2203 κα-

161 2255 205 2282 21
227 2235 535 2285 ταλείπεσθαι
573 2233 823 2302 πρόφασιν
856 2237 910 2286 δι’
939 2233 996 2298 ἢν
1032 2235 1089 2285 ἄν
1127 2257 1196 2288 τις
1224 2235 1366 2285 αὐτὸν
1399 2236 1581 2304 Ράφειή.
1645 2236 1748 2288 οὐδὲ

281 2404 296 2423 1'
314 2397 460 2445 τούτων]
484 2397 608 2432 τούτου
630 2400 666 2434 S.
696 2402 763 2432 τῶν
783 2400 864 2433 A.k.
987 2405 1001 2424 S
1022 2400 1076 2433 καὶ
1095 2399 1273 2443 ἀνώμαλον
1293 2411 1362 2432 om.
1386 2399 1467 2433 S.Y.
1589 2397 1603 2423 t
1621 2399 1743 2444 ἄνδρα]

228 2451 332 2496 ἄνδρα
352 2451 495 2486 ἕκαστον
515 2452 591 2486 ΡΝ.
702 2457 722 2476 ¹1
744 2452 870 2497 κοινὸν]
894 2453 997 2485 κοινοὶ
1018 2453 1095 2487 ΡΝ.
1220 2458 1235 2474 Χ
1257 2452 1310 2485 καὶ
1330 2452 1534 2497 τεταγμένον
1553 2452 1604 2485 καὶ
1623 2452 1744 2496 ταύτὸ]

229 2505 281 2537 καὶ
300 2506 505 2550 τεταγμένον
523 2506 625 2537 τοῦτο
646 2505 723 2538 F.v.
768 2505 820 2538 καὶ
842 2506 881 2538 τὸ
910 2505 1114 2550 τεταγμένον
1142 2506 1245 2538 ταυτὸ
1268 2505 1304 2539 S.
1347 2506 1399 2538 καὶ
1420 2506 1623 2549 τεταγμένον
1642 2506 1746 2538 ταυτὸ

228 2557 318 2591 Y.O.
430 2563 448 2590 y
467 2556 647 2602 βούλεται]
672 2556 875 2597 βουλεύεται
894 2558 1054 2593 A.F.k.v.
1156 2564 1173 2582 Ζ
1194 2557 1501 2602 ἐξαμαρτάνοντας]
1525 2557 1648 2602 ῥαδίως
1668 2558 1744 2601 ἐξα-

227 2611 458 2655 μαρτάνοντας
472 2611 564 2644 Y.O.
587 2615 621 2644 et
637 2622 657 2643 a
676 2622 722 2643 m.
743 2622 812 2643 ree.
835 2610 871 2644 S.
902 2610 1039 2644 πλεῖστ’
1064 2610 1143 2655 (sic)
1164 2610 1415 2655 ἁμαρτάνοντας
1430 2611 1509 2644 A.k.
1598 2616 1617 2634 a
1636 2611 1667 2643 οἱ
1687 2610 1740 2656 δέ]

227 2663 345 2708 διόπερ
367 2663 411 2697 Ο.
523 2660 543 2687 b
564 2663 691 2696 δίκαιον
710 2663 763 2696 καὶ
782 2664 821 2696 τὸ
842 2663 962 2708 καλὸν]
987 2664 1091 2697 καλὸν
1111 2664 1164 2697 καὶ
1183 2665 1222 2697 τὸ
1243 2664 1370 2697 δίκαιον
1389 2664 1471 2697 A.k.
1598 2668 1614 2686 ⁰
1635 2664 1743 2706 πρόσ-

226 2715 354 2761 ταγμα]
377 2718 517 2761 πρᾶγμα
538 2716 581 2749 O.
660 2712 678 2739 (Ῑ
698 2715 875 2749 πείθεσθαι
895 2715 1077 2762 προσήκει]
1101 2716 1267 2761 προσήκει
1285 2714 1462 2750 πείθεσθαι
1484 2716 1561 2749 F.v.
1642 2720 1658 2739 θ
1678 2715 1742 2748 δῶ-

225 2768 303 2814 ρον]
328 2769 465 2813 δώρημα
485 2781 536 2814 pr.
560 2769 595 2802 S.
662 2765 677 2792 f
693 2768 878 2813 ἀνθρώπων
898 2769 1089 2814 φρονίμων]
1114 2769 1289 2814 φρονίμων
1307 2768 1491 2813 ἀνθρώπων
1506 2768 1546 2801 Y.
1617 2775 1638 2803 g
1657 2769 1744 2802 πᾶσι

226 2833 332 2866 supra
349 2833 488 2855 versum
506 2822 608 2867 ponit
626 2821 669 2855 Y.
780 2818 797 2841 h
816 2820 1098 2867 Ἀριστογείτων]
1122 2823 1139 2854 ὁ
1159 2821 1403 2866 ἀριστογείτων
1422 2822 1457 2854 k.
1563 2817 1572 2843 i
1592 2819 1739 2866 ἅπασιν]

225 2876 332 2907 πᾶσιν
353 2874 427 2909 ΡΝ.
529 2872 544 2896 k
565 2874 692 2919 οὐδεὶς]
718 2874 795 2907 οὐδε
815 2888 861 2908 εις
883 2873 918 2907 S.
1020 2872 1029 2899 1
1049 2874 1184 2909 ἀνεκτὸς
1204 2887 1274 2909 om.
1293 2875 1330 2909 k.
1432 2879 1461 2897 m
1483 2872 1611 2918 ὄντοιν]
1637 2872 1744 2906 ὄντων

227 2927 310 2961 A.k.
451 2932 470 2950 Π
490 2927 637 2960 τίθενται
657 2928 688 2960 οἱ
707 2926 820 2972 νόμοι]
841 2927 872 2959 οἱ
892 2927 988 2969 νόμοι
1007 2925 1154 2961 τίθενται
1172 2928 1254 2962 A.k.
1392 2931 1409 2950 0
1429 2924 1578 2971 τούτοις]
1604 2925 1745 2960 τούτους

229 2979 302 3013 F.v.
415 2985 433 3012 Ρ
453 2977 555 3024 ἀφείη
576 2980 654 3013 A.k.
684 2979 769 3025 ἀφίη
789 2979 843 3013 vel
865 2980 919 3023 (ut
940 2979 992 3023 S.)
1022 2978 1107 3025 ἀφίῃ
1128 2968 1246 3025 vulgo.

922 3055 947 3080 U
972 3055 998 3080 U
1024 3052 1046 3081 2
