1954 3273
213 171 297 215 786
755 173 1181 213 ΔΗΜΟΣΘΕΝΟΎΣ
1299 169 1380 209 οη.
1399 168 1576 209 XXIV.
1598 141 1637 223 ῤ.
1657 176 1680 221 7
1683 176 1753 222 53,
1773 183 1847 208 ι-

211 283 295 336 τὸν
325 283 429 336 Ῐοὺκ
460 284 718 354 ὠφληκότα
751 286 800 335 ἐν
830 288 897 353 τῷ
930 282 1232 351 δικαστηρίῳ.
1288 286 1371 331 νῦν
1401 282 1439 332 δ’
1466 279 1625 333 ἕὸπως
1657 277 1723 330 ὧν
1738 299 1817 344 753

970 365 1252 431 ι’περιίασιν,
1292 364 1546 415 ὑπεύθυνον
1585 361 1726 413 αὑτὸν

211 367 269 418 ἂν
308 370 433 430 ὑμεῖς
470 372 739 433 καταγνῶτε
778 368 932 418 ἄδετοι

209 449 413 514 ποιήσας
440 450 583 514 νόμον
608 449 903 514 ὶεῖσενεγκεῖν
928 448 1208 511 ἐτόλμησεν.

118 545 198 587 194
283 535 424 587 Ἀλλ’
466 533 590 595 ὅμως
634 535 820 583 κάκεῖνα
861 535 936 583 καὶ
973 531 1120 583 ιςτοίδε
1159 529 1403 599 φήσουσιν
1444 528 1558 594 ὑπὲρ
1597 531 1727 592 ὑμῶν

210 616 470 682 1πράττειν.
540 614 638 667 εἶτα
680 620 860 666 ΠΕ’ταῦθ’
900 617 1024 678 ὑμεῖς
1068 614 1390 682 ι’ἀναδέξεσθε
1439 612 1552 678 ὑπὲρ
1597 614 1754 675 ὑμῶν5

210 703 494 766 πεπρᾶχθαι,
529 702 603 749 καὶ
639 698 699 749 τὰ
734 702 816 762 τῆς
851 698 1028 749 τούτων
1065 697 1359 763 θρασύτητος
1394 698 1469 746 καὶ
1503 696 1728 761 πονηρίας

212 783 327 848 ἔργα
364 781 525 847 πράως
564 782 746 842 οἷ’σετες
799 781 931 833 ἀλλὰ
975 785 1131 844 μισεῖν
1170 781 1384 847 ὀφείλετε
1428 778 1534 832 τοὺς
1573 777 1726 828 τοιού-.-

211 887 332 926 τους,
355 863 391 914 ὦ
417 865 580 930 ἄνδρες
605 865 860 928 Ἀθηναῖοι,
886 869 1077 928 μᾶλλον
1103 862 1131 926 ἢ
1158 863 1338 928 σώζειν.
1385 861 1468 912 τὸν
1495 860 1587 926 γὰρ
1614 860 1730 926 ὑπὲρ

211 952 294 1012 τῆς
331 948 516 1001 πόλεως
552 947 821 1014 πράττοντά
858 971 902 998 τι
940 949 1015 998 καὶ
1052 944 1248 1012 οπροῖων
1286 947 1415 1007 ὑμῶν
1449 942 1729 1012 τευξόμενον

120 1047 199 1089 195
212 1029 266 1080 τὸ
294 1033 375 1093 τῆς
408 1028 592 1082 πόλεως
624 1028 735 1093 ἦθος
770 1029 937 1095 ἔχοντα
971 1033 1041 1080 δεῖ
1073 1028 1340 1096 φαίνεσθαι.
1395 1032 1532 1077 τοῦτο
1559 1027 1596 1077 δ’
1626 1027 1782 1076 ἐστὶῐο

213 1111 262 1161 τί
276 1133 287 1171 3
328 1111 435 1164 τοὺς
461 1113 672 1163 ἀσθενεῖς
698 1112 852 1172 ἐλεεῖν,
879 1115 974 1164 τοῖς
1008 1114 1218 1176 ἰσχυροῖς
1253 1111 1328 1158 καὶ
1362 1108 1630 1171 δυναμένοις
1664 1106 1729 1170 μὴ

213 1194 472 1260 ἐπιτρέπειν
499 1193 712 1259 ὑβρίζειν,
739 1195 792 1243 οὐ
823 1193 930 1247 τοὺς
968 1192 1052 1257 μὲν
1087 1191 1298 1245 πολλοὺς
1334 1194 1470 1254 ὠμῶς
1510 1213 1725 1258 μεταχει-

213 1277 436 1344 ρίζεσθαι,
476 1277 743 1327 κολακεύειν
781 1276 830 1327 δὲ
867 1275 950 1327 τὸν
989 1277 1093 1326 Ράεί
1130 1298 1174 1326 τι
1213 1275 1443 1325 δύνασθαι
1481 1276 1725 1323 δοκοῦντα.

214 1360 275 1411 ‘¹3
319 1359 384 1411 σὺ
430 1365 586 1421 ποιεῖς,
626 1357 663 1409 ὦ
701 1358 1002 1426 Τιμόκρατεςδ
1056 1360 1109 1409 δι’
1152 1358 1182 1408 ἃ
1224 1362 1395 1425 πολλῷ
1439 1361 1629 1420 μᾶλλον
1672 1355 1781 1406 ἂνῐ5

215 1444 401 1497 εἰκότως
433 1443 519 1507 ι’μὴ
552 1442 863 1506 Ξθελήσαντες
897 1445 1098 1494 ἀκοῦσαι
1136 1448 1227 1492 σοῦ
1266 1441 1468 1492 θάνατον
1505 1443 1725 1507 καταψηε·

216 1529 431 1593 φίσαινθ’
460 1527 586 1577 οὗτοι
612 1525 640 1590 ἢ
668 1529 725 1577 δι’
755 1527 1055 1592 Ἀνδροτίων’
1084 1527 1355 1593 ἴάφείησαν.

126 1627 201 1674 196
291 1609 439 1661 υ”Οτι
464 1611 619 1660 τοίνυν
645 1609 749 1660 οὐδὲ
774 1609 859 1673 τὴν
885 1609 1133 1677 εἴσπραξιν
1160 1607 1302 1672 αὐτὴν
1330 1606 1443 1673 ὑπὲρ
1471 1608 1600 1670 ὑμῶν
1624 1613 1734 1657 Σπε-

216 1695 445 1757 ποίηνται,
479 1695 554 1744 καὶ
587 1694 708 1744 τοῦτ’
738 1694 901 1747 αὐτίκα
936 1691 991 1755 δὴ
1026 1690 1159 1754 μάλα
1197 1693 1303 1753 ὑμῖν
1342 1693 1488 1753 δῆλον
1525 1688 1728 1752 ποιήσω.

217 1783 255 1828 εἰ
291 1777 384 1843 γάρ
420 1800 489 1830 τις
527 1777 708 1842 Ῡέροιτο
747 1778 913 1829 αὐτοὺς
949 1775 1138 1841 πότεροι
1176 1775 1330 1826 αὑτοῖς
1368 1776 1587 1823 δοκοῦσιν
1623 1774 1725 1822 ἀδι-
1744 1795 1785 1816 20

217 1866 313 1912 κεῖν
352 1865 543 1923 μᾶλλον
581 1859 667 1923 τὴν
704 1860 859 1922 πόλιν,
898 1863 939 1909 οἱ
983 1863 1298 1924 γεωργοῦντες
1339 1858 1412 1906 καὶ
1455 1855 1731 1923 φειδόμενοι,

217 1942 293 1994 διὰ
342 1943 682 2010 παιδοτροφίας
731 1941 780 1992 δὲ
836 1943 911 1991 καὶ
971 1945 1113 1991 οἰκεῖα
1164 1939 1454 2001 ἀναλώματα
1504 1940 1579 1988 καὶ
1629 1945 1727 1987 λει-

217 2028 435 2092 τουργίας
479 2027 635 2092 ἑτέρας
680 2024 1008 2077 ἐλλελοιπότες
1052 2022 1328 2091 Ζεὶσφοριῗιν,
1372 2022 1401 2086 ἢ
1447 2025 1488 2072 οἱ
1538 2020 1596 2071 τὰ
1641 2026 1735 2071 τῶν

217 2108 547 2173 ἐθελησάντων
598 2112 872 2172 εἰσενεγκεῖν
921 2106 1141 2173 χρήματα
1191 2109 1266 2155 καὶ
1316 2104 1408 2155 3τά
1460 2103 1589 2170 παρὰ
1638 2109 1733 2154 τῶν

218 2191 485 2258 συμμάχων
536 2189 850 2242 ι’κλέπτοντες
913 2192 987 2239 καὶ
1050 2187 1358 2249 ἀπολλύντες,
1415 2188 1499 2237 οὑκ
1556 2186 1614 2237 ἂν
1668 2191 1730 2240 εἷς
1745 2212 1783 2243 25

219 2282 357 2328 τοῦτο
391 2275 541 2339 δήπου
575 2273 768 2337 τόλμης,
801 2274 964 2337 καίπερ
996 2272 1124 2325 ὅντες
1155 2274 1364 2333 ἀναιδεῖς,
1392 2272 1572 2322 ε”λθοιεν
1606 2271 1730 2327 ὥστε

275 2445 290 2472 f
307 2448 366 2481 οὐκ
385 2459 455 2483 om.
478 2447 549 2480 S.V.
674 2452 694 2479 g
714 2446 803 2481 ὅπως
823 2444 885 2492 ὧν]
911 2447 1048 2479 ὁπόσων
1070 2448 1171 2480 A.r.S.
1307 2444 1327 2471 h
1346 2444 1534 2491 περιίασιν]
1558 2443 1733 2491 περιΐωσιν

1337 2495 1344 2508 l

223 2533 463 2568 A.Y.O.k.r.s.
538 2529 548 2556 i
568 2531 784 2576 εἰσενεγκεῖν]
809 2531 997 2576 ἐπενεγκεῖν
1019 2532 1057 2565 F.
1143 2528 1163 2556 k
1184 2531 1280 2577 τάδε]
1304 2508 1381 2565 vg&
1402 2532 1440 2565 F.
1523 2528 1532 2555 ¹
1553 2529 1730 2576 πράττειν]

222 2586 416 2632 πεπρᾶχθαι
437 2585 509 2618 F.v.
579 2589 609 2608 m
629 2583 722 2618 ταῦθ’
741 2597 809 2618 om.
830 2598 886 2629 γρ.
906 2585 943 2618 F.
1019 2590 1038 2608 ¹¹
1058 2584 1279 2630 ἀναδέξεσθε]
1304 2585 1358 2629 ἐφ’
1376 2584 1512 2618 ἑαυτοὺς
1531 2583 1734 2628 ἀναδέξεσθε

224 2639 300 2673 F.v.
329 2638 491 2682 ἀνέξεσθε
510 2636 753 2672 A.Y.O.k.r.s.
861 2642 879 2661 0
899 2637 1031 2682 πράων]
1055 2639 1163 2681 πρᾶον
1182 2650 1210 2678 Γ,
1313 2644 1332 2673 Ρ
1352 2637 1403 2670 ἀεί
1423 2637 1501 2670 F.S.
1531 2637 1596 2670 αἷεί
1613 2637 1732 2681 vulgo.

225 2697 243 2724 q
264 2690 299 2737 ὃ]
323 2690 344 2724 ἃ
363 2689 640 2725 A.Y.O.k.r.s.v.
766 2696 780 2715 Γ
798 2689 859 2734 μὴ]
883 2690 965 2732 μηδὲ
986 2691 1101 2723 A.k.s.
1230 2694 1245 2714 ⁵
1266 2689 1488 2734 θελήσαντες]
1512 2688 1736 2732 ἐθελήσαντες

225 2745 300 2778 F.v.
384 2743 399 2768 t
418 2742 588 2789 ἀφείησαν
607 2748 782 2776 correctus
802 2755 832 2775 v.
867 2743 1064 2787 Legebatur
1083 2742 1242 2786 ἀφίεσαν.
1335 2748 1355 2768 ῑῑ
1368 2741 1447 2776 ’Ὅτι
1467 2739 1732 2782 τοίνυν-βεβί-

225 2811 306 2830 ωται
327 2797 377 2841 (p.
398 2796 486 2842 758,
507 2795 601 2841 22.)]
634 2796 765 2829 Eadem
794 2795 865 2828 fere
893 2796 996 2829 verba
1024 2795 1059 2828 in
1089 2796 1246 2829 oratione
1272 2801 1393 2829 contra
1418 2795 1671 2828 Androtionem
1697 2806 1732 2839 p.

227 2849 299 2894 613
325 2861 422 2894 seqq.
553 2855 568 2870 x
589 2848 805 2892 πεποίηνται]
830 2848 1007 2890 πεποίηται
1026 2848 1235 2882 A.Y.O.k.r.
1374 2853 1391 2880 y
1411 2846 1540 2892 ἔροιτο]
1565 2847 1674 2890 ε’ροῐτο
1696 2846 1732 2880 S.

228 2908 245 2926 Ζ
265 2901 451 2947 εἰσφορὰν]
477 2901 675 2947 Legebatur
690 2900 748 2934 τὰς
768 2900 948 2945 εἰσφοράς.
974 2903 1034 2935 τὰς
1053 2913 1121 2934 om.
1138 2901 1174 2935 S.
1205 2900 1373 2945 εἰσφορὰν
1392 2900 1512 2945 scripsi
1533 2911 1574 2934 ex
1595 2911 1628 2945 p.
1645 2897 1733 2944 613.

229 2960 247 2979 a
267 2956 308 2988 τὰ
327 2966 397 2989 0111.
419 2955 454 2990 S.
566 2953 583 2976 b
603 2952 820 2998 κλέπτοντες]
842 2953 1027 2992 βλέποντες
1048 2966 1074 2987 s.
