1954 3273
146 840 198 879 68

207 177 295 216 558
757 177 1185 216 ΔΗΜΟΣΘΕΝΟΎΣ
1339 175 1423 215 On.
1443 173 1584 214 XXI.
1605 168 1647 227 p.
1664 181 1764 227 531,
1783 187 1859 211 ⁵—

389 288 545 330 ἱστάναι
566 290 716 341 ὡραίων
738 290 889 343 Βρομίῳ
910 288 1027 341 χάριν
1047 288 1195 340 ἄμμιγα
1215 287 1378 334 πάντας,
1747 298 1764 329 5

391 357 453 397 καὶ
473 360 639 396 (ἱκνισᾶν
659 360 830 406 βωμοῖσι
851 355 945 407 κάρη
967 355 1179 407 στεφάνοις
1199 354 1461 396 πυκάσαντας.

331 434 432 485 Περὶ
480 434 628 485 ὑγιείας
679 434 785 473 θύειν
836 433 898 473 καὶ
949 434 1135 486 εὔχεσθαι
1186 433 1251 472 Διὶ
1299 431 1446 487 ὑπάτῳ,
1497 431 1732 484 τεΗρακλεῖ,

269 500 497 541 Ἀπόλλωνι
532 500 842 553 8προστατηρίῳ·
883 500 971 550 περὶ
1011 501 1132 552 τύχας
1169 501 1317 552 ἀγαθᾶς
1351 498 1578 540 Ἀπόλλωνι
1614 500 1733 551 tc'tyv-

279 572 340 614 ιεῖ,
379 572 515 614 Λατοῖ,
556 566 766 618 Ἀρτέμιδι,
809 568 871 608 καὶ
911 575 930 594 ¹¹
947 565 1026 606 κατ’
1064 568 1202 619 ἀγυιὰς
1241 570 1431 619 κρατῆρας
1471 567 1634 617 ἱστάμεν
1673 566 1735 606 καὶ
1752 590 1790 612 10

270 636 412 688 χοροὺς
455 636 517 675 καὶ
560 639 883 687 στεφανηφορεῖν
933 637 1086 675 Χκαττὰ
1128 635 1271 687 πάτρια
1321 638 1425 677 θεοῖς
1471 633 1737 689 ΥΞὈλυμπίοις

276 702 472 743 πάντεσσι
499 706 560 742 καὶ
584 702 740 749 πάσαις,
766 704 895 745 Ζίὃίας
923 704 1051 753 δεξιὰς
1081 704 1143 743 καὶ
1171 703 1376 755 ἀριστερὰς
1405 703 1649 755 ἀνίσχοντες,
1674 703 1736 743 καὶ

272 773 545 821 μνασιδωρεῖν.

569 844 589 865 ³
605 841 683 882 ΕΚ
718 842 1009 882 ΔΩΔΩΝΗΣ
1046 836 1066 865 b
1082 843 1384 883 MANTEIAI.
1753 850 1788 881 ι5

328 915 394 967 Τῷ
428 912 531 967 δήμῳ
563 915 642 968 οτῷ
671 912 894 962 Ἀθηναίων
925 915 945 953 ὁ
976 918 1044 954 τοῦ
1077 914 1173 957 Διὸς
1203 915 1397 965 σημαίνει.
1446 916 1505 955 ὅτι
1536 916 1604 956 τὰς
1637 915 1738 967 ὥρας

273 980 543 1033 παρηνέγκατε
573 983 639 1031 τῆς
670 982 806 1023 θυσίας
837 982 899 1021 καὶ
932 998 998 1031 της
1028 980 1233 1033 11θεωρίας,
1267 982 1443 1034 αἱρετοὺς
1478 981 1646 1033 πέμπειν
1677 999 1736 1022 κε-

272 1048 382 1088 λεύει
410 1049 577 1099 θεωροὺς
607 1048 736 1095 ἐννέα,
763 1048 824 1088 καὶ
845 1050 1031 1092 Ετούτους
1052 1052 1114 1090 διὰ
1135 1050 1289 1102 ταχέων
1314 1050 1365 1104 τῷ
1392 1050 1458 1089 Διὶ
1483 1048 1560 1104 fre}
1591 1051 1634 1090 ἐν
1659 1053 1737 1090 Το-

273 1115 382 1169 μάρῳ
403 1120 504 1168 τρεῖς
523 1120 622 1166 βοῦς
645 1117 706 1156 καὶ
730 1116 827 1168 πρὸς
849 1116 999 1171 ἑκάστῳ
1022 1117 1124 1167 ἕβοῒ
1142 1119 1207 1158 δύο
1230 1118 1298 1164 οἷς,
1324 1120 1366 1169 τῇ
1387 1117 1458 1158 11δὲ
1481 1118 1613 1173 Διώνῃ
1636 1120 1737 1168 βοῦν
1754 1131 1794 1152 20

274 1183 536 1236 ῑκαλλιερεῖν,
562 1186 624 1225 καὶ
651 1185 845 1236 τράπεζαν
873 1189 1027 1239 χαλκῆν
1048 1185 1178 1238 Ιςπρὸς
1205 1186 1248 1226 τὸ
1278 1186 1469 1236 ἀνάθημα,
1499 1185 1519 1225 ὃ
1548 1185 1738 1236 ἀνέθηκεν

276 1254 295 1292 ὁ
319 1255 434 1302 δῆμος
455 1253 475 1292 ὁ
496 1251 731 1304 Ἀθηναίων.

331 1318 404 1360 l‘O
431 1323 498 1360 τοῦ
527 1320 624 1362 Διὸς
649 1322 874 1371 ῐῐ’σημαίνει
905 1322 949 1360 ἐν
977 1321 1162 1376 Δωδώνῃ,
1191 1321 1372 1374 Διονύσῳ
1399 1322 1623 1371 ηδημοτελῆ
1655 1321 1738 1372 ἱερὰ
1753 1331 1791 1364 ²5

275 1391 406 1427 τελεῖν
435 1389 497 1428 καὶ
527 1390 695 1439 κρατῆρα
725 1388 887 1439 κεράσαι
918 1388 980 1428 καὶ
1011 1388 1153 1441 χοροὺς
1185 1387 1352 1434 ἱστάναι,
1381 1386 1612 1427 Ἀπόλλωνι
1643 1388 1739 1428 ἀπο-

277 1457 445 1509 τροπαίῳ
469 1459 572 1507 βοῦν
593 1459 749 1502 Οθῦσαι,
774 1457 836 1496 καὶ
866 1460 1187 1508 στεφανηφορεῖν
1215 1455 1444 1507 ἐλευθέρους
1473 1455 1536 1495 καὶ
1563 1456 1738 1502 δούλους,

285 1524 347 1564 καὶ
369 1525 565 1564 Ρέλινύειν
584 1524 678 1574 μίαν
698 1523 856 1575 ἡμέραν.
901 1524 967 1563 Διὶ
988 1525 1130 1577 κτησίῳ
1151 1527 1252 1574 βοῦν
1272 1524 1428 1563 λευκόν.

281 1670 300 1698 q
321 1666 439 1699 κνισᾶν
461 1664 495 1699 S.
534 1663 757 1698 Scribebatur
776 1665 932 1698 κνισσᾶν.
1057 1669 1072 1687 ¹¹
1090 1662 1270 1708 Ἠρακλεῖ]
1295 1662 1348 1696 καὶ
1367 1662 1505 1708 ἡρακλεῖ
1525 1662 1743 1697 F.P.S.Y.O.

227 1725 320 1753 s.t.v.
432 1723 447 1742 5
467 1717 727 1765 προστατηρίῳ]
751 1718 944 1763 προπάτορι
962 1728 1014 1762 pr.
1036 1729 1064 1751 r.
1176 1715 1190 1741 t
1208 1715 1318 1762 ἀγυιεῖ
1338 1716 1457 1762 Λατοῖ]
1482 1715 1684 1762 ἀγυειλατου
1705 1716 1744 1750 F.

227 1781 430 1833 ἀγυειλατῦυυ
462 1787 497 1821 S.
530 1787 566 1820 in
595 1799 665 1833 quo
698 1787 851 1833 primum
881 1801 900 1820 v
930 1787 1097 1820 deletum.
1145 1785 1316 1819 ἅνειλατοῖ
1347 1798 1374 1820 s.
1423 1785 1538 1831 ἀγνοεῖ
1568 1787 1670 1819 λατοῖ
1698 1785 1743 1820 Ο.

228 1847 250 1866 ¹1
269 1839 357 1886 κατ’]
383 1841 466 1874 κατά
484 1839 514 1875 τ’
534 1853 561 1874 s.
648 1846 667 1864 Χ
688 1842 793 1874 καττὰ
814 1841 1064 1880 Buttmannus,
1081 1840 1209 1873 collato
1229 1839 1370 1872 oraculo
1390 1839 1563 1884 Delphico
1582 1851 1616 1884 p.
1633 1847 1745 1886 1072,

233 1905 292 1929 21.
318 1900 353 1928 et
379 1900 440 1941 25.
491 1894 691 1939 Legebatur
720 1895 802 1927 κατὰ
833 1894 902 1936 (καὶ
930 1894 1013 1927 κατὰ
1042 1895 1087 1938 s.)
1117 1894 1169 1927 τά.
1218 1892 1260 1925 τὰ
1288 1904 1357 1926 om.
1384 1892 1547 1926 P.Y.O.s.
1575 1898 1610 1926 et
1638 1905 1691 1938 pr.
1717 1905 1746 1927 r.

229 1955 248 1984 ,v
267 1946 488 1993 Ὀλυμπίοις]
513 1949 566 1981 καὶ
583 1946 788 1991 Ὀλυμπίαις
807 1947 947 1981 additur
965 1959 999 1992 p.
1018 1956 1131 1992 1072,
1149 1957 1208 1981 22.
1308 1951 1326 1970 z
1347 1946 1432 1981 ἰδίας
1452 1946 1545 1981 delet
1563 1946 1745 1991 Taylorus,

229 2013 294 2035 nec
312 2001 442 2046 legitur
461 2001 497 2034 in
517 2002 658 2035 oraculo
679 2013 714 2046 p.
730 2009 843 2047 1072,
856 2011 917 2046 24.
953 2000 995 2034 In
1015 2000 1112 2035 ὁσίας
1129 1999 1288 2033 mutabat
1302 1999 1473 2034 Wolfius:
1504 2001 1596 2042 κοινῇ
1612 2000 1664 2033 καὶ
1680 1999 1748 2044 ἰδίᾳ

231 2054 408 2088 Reiskius.
507 2060 526 2079 a
544 2053 632 2100 'EK]
656 2055 753 2100 ἑτέρα
773 2054 808 2088 ἐκ
827 2055 862 2089 k.
956 2050 976 2078 b
997 2052 1234 2098 MANTEIAI]
1258 2053 1397 2096 μαντεία
1417 2053 1458 2088 Ρ.
1558 2058 1574 2077 ⁰
1593 2052 1657 2100 τῷ]
1681 2055 1749 2086 τῶν

232 2123 416 2158 O.k.r.t.v.
543 2120 562 2148 d
581 2123 738 2169 θεωρίας]
763 2118 920 2169 θεωρειιας
942 2124 978 2158 S.
1091 2129 1107 2148 e
1126 2122 1284 2168 τούτους]
1309 2122 1451 2158 τούτους
1469 2124 1548 2159 τοὺς
1566 2135 1594 2157 r.
1624 2121 1749 2157 τούτου

231 2177 309 2212 τοὺς
330 2177 518 2211 F.S.Y.t.v.
547 2179 651 2210 τοῦτο
671 2178 750 2212 τοὺς
770 2177 809 2210 P.
902 2174 918 2201 f
933 2180 981 2224 τῷ
999 2177 1035 2210 ἐν
1053 2177 1196 2223 Τομάρῳ
1215 2178 1304 2220 τρεῖς
1326 2176 1562 2222 Spaldingius.
1595 2190 1661 2209 των
1679 2191 1749 2222 (ιρω

231 2244 312 2275 τρισ
335 2230 371 2265 S.
411 2233 478 2263 τῶν
496 2229 576 2275 ἅρω,
597 2231 670 2275 τρὶς
690 2231 729 2264 F.
752 2236 787 2264 et
807 2230 937 2264 omisso
957 2235 1130 2264 commate
1152 2230 1205 2270 B„
1227 2242 1298 2263 non
1322 2229 1456 2275 ἀροτρὶς
1480 2242 1542 2275 per
1561 2230 1698 2263 literam
1718 2243 1748 2270 o,

232 2289 272 2316 ut
301 2283 465 2317 Reiskius
493 2283 642 2317 rettulit.
692 2286 739 2317 τῶ
768 2297 855 2328 ναρω
884 2285 974 2329 τρεῖς
1003 2289 1178 2317 correctus
1206 2295 1237 2318 Υ.
1285 2286 1352 2316 τῶν
1381 2297 1450 2328 αρω
1478 2284 1567 2328 τρεῖς
1591 2283 1636 2318 Y.
1683 2286 1751 2316 τῶν

232 2338 393 2381 αρωτρεῖς
414 2337 453 2370 Ρ.
471 2342 505 2370 et
522 2336 662 2379 (litteris
681 2351 726 2370 ων
745 2337 882 2370 macula
901 2337 1031 2382 opertis
1051 2337 1282 2382 appositoque
1302 2336 1338 2369 in
1359 2336 1515 2382 margine
1536 2337 1686 2381 τομάρω)
1704 2335 1748 2370 Ο.

232 2392 300 2423 τῶν
318 2389 470 2435 ἀροτρεῖς
490 2395 587 2424 s.t.v.
619 2392 666 2437 τῷ
684 2390 862 2435 δωδωνιιίῳ
881 2389 1034 2436 ἀροτρεῖς
1053 2390 1170 2435 vulgo.
1296 2397 1316 2425 g
1335 2389 1395 2430 βοῒ
1413 2389 1473 2424 δύο
1493 2386 1542 2425 οἷς
1562 2389 1748 2424 Dobraeus.

234 2459 434 2505 Legebatur
458 2459 518 2494 δύο
542 2459 696 2504 βοήσεις.
746 2461 814 2494 Pro
839 2459 980 2504 βοήσεις
1008 2461 1045 2494 in
1070 2461 1104 2494 S.
1131 2460 1300 2506 scriptum
1322 2452 1476 2502 βυῆσεις,
1494 2459 1597 2493 litera
1619 2473 1630 2492 ι
1655 2471 1676 2492 a
1700 2470 1747 2492 m.

233 2514 378 2559 antiqua
397 2513 525 2554 addita,
541 2514 577 2547 in
594 2514 803 2548 F.P.Y.O.s.
836 2513 1003 2558 βοιὴσεις,
1024 2514 1119 2559 quod
1139 2520 1314 2548 correctus
1334 2513 1439 2547 habet
1458 2525 1487 2547 r.
1510 2513 1570 2558 qui
1589 2524 1609 2546 a
1628 2524 1679 2557 pr.
1701 2523 1748 2546 m.

231 2569 364 2610 βοιωση
385 2567 518 2608 habuit,
539 2573 579 2601 ut
598 2567 747 2601 videtur.
798 2568 938 2602 Partem
957 2567 1028 2601 veri
1048 2567 1182 2602 viderat
1201 2567 1382 2613 Taylorus,
1402 2566 1462 2612 qui
1480 2565 1622 2609 βοήσεις
1645 2565 1680 2599 in
1700 2561 1750 2600 οἷς

234 2620 362 2654 mutari
381 2620 549 2654 voluerat.
637 2618 654 2645 ¹¹
676 2621 711 2654 δὲ
732 2633 800 2655 om.
820 2622 846 2655 F
850 2622 940 2655 .P.S.
963 2627 998 2655 et
1018 2633 1069 2666 pr.
1086 2621 1128 2654 Y.
1216 2617 1225 2645 i
1247 2622 1437 2665 καλλιερεῖν
1458 2619 1644 2664 Sauppius.
1680 2619 1748 2652 Le-

234 2673 382 2719 gebatur
405 2675 458 2707 κιιὶ
483 2673 574 2707 ι’ίλλα
600 2675 711 2718 ἱερεῖα.
755 2674 872 2708 Verbo
893 2676 1093 2719 καλλιερεῖν,
1113 2674 1174 2708 scd
1194 2686 1267 2708 non
1287 2674 1406 2707 addito
1427 2673 1575 2707 victimae
1594 2672 1748 2712 nomine,

234 2727 346 2761 utitur
365 2727 513 2773 scriptor
532 2727 662 2761 oraculi
683 2740 718 2773 p.
742 2735 875 2774 ¹07²·¹
890 2736 922 2774 7.
1008 2724 1029 2752 ¹<
1049 2728 1135 2774 πρὸς
1155 2727 1330 2762 Reiskius.
1364 2726 1563 2772 Legebatur
1582 2726 1634 2759 καὶ
1652 2726 1749 2769 πρός.

235 2777 245 2804 l
267 2781 454 2814 Praefixum
474 2787 548 2814 erat
567 2786 718 2819 ETEPA,
740 2782 833 2826 quod
855 2794 923 2815 om.
948 2781 1036 2816 RF.
1057 2781 1196 2827 aliique.
1325 2786 1351 2802 ¹¹¹
1371 2780 1526 2823 σημαίνει
1546 2779 1749 2813 Lambinus.

237 2833 436 2879 Legebatur
456 2832 603 2878 σήμαιν’,
624 2835 718 2879 quod
739 2834 872 2878 σημαίν“
893 2835 1061 2880 scriptum
1078 2835 1114 2868 in
1136 2836 1177 2868 B.
1321 2839 1339 2858 ¹¹
1361 2833 1527 2877 δημοτελῆ
1550 2833 1621 2878 ἱερὰ
1639 2833 1752 2866 τελεῖν

239 2904 487 2938 Buttmannus.
519 2905 718 2950 Legebatm·
733 2905 912 2948 δημοτελεῖ
927 2887 1140 2948 (δημοτελεῖν
1157 2904 1219 2946 Ο.)
1237 2904 1356 2947 ἱερεῖον
1372 2901 1514 2936 τέλειον.
1610 2906 1629 2926 ⁰
1649 2900 1751 2934 θῦσαι

236 2969 306 2991 om.
329 2969 356 2990 r.
378 2963 413 2991 et
432 2970 483 3003 pr.
501 2958 542 2991 Y.
635 2964 652 2991 P
672 2957 833 3004 ἐλινύειν]
859 2957 1038 2992 ἐλεεινὺειν
1060 2958 1094 2991 S.
1126 2958 1234 2991 ἐλεεῖν
1253 2956 1345 2991 θύειν
1367 2954 1666 2990 B.F.P.Y.r.8.t.V.
1696 2967 1751 2998 γρ.

238 3008 381 3043 ἐλινύειν
401 3023 522 3056 margo
544 3012 585 3046 B.
