1954 3273
41 182 270 226 -502,15.
675 178 818 216 ΠΡΟΣ
849 177 1056 214 AEHTIN
1067 178 1158 214 HN.
1591 178 1678 221 529

160 284 342 337 ἀτοίνυν
375 288 592 351 ἐγκαλῶν
617 289 772 342 αὐτοῖς
805 288 957 353 λέγεις
995 287 1066 338 ὅτι
1100 310 1159 338 σε
1195 289 1249 338 οὐ
1285 288 1588 350 κατέστησαν
1614 293 1677 342 εὶς
1694 311 1728 341 15

158 369 382 432 κίνδυνον,
423 369 896 438 Εφιλοκινδυνότατος
929 371 1120 423 πάντων
1146 371 1409 437 ἀνθρώπων
1446 369 1515 420 fef·
1557 375 1594 421 εἱ
1628 371 1676 422 δὲ

158 455 406 519 τεκμήριον
431 459 584 505 ἓποιεῖ
604 460 687 505 τοῦ
714 454 773 505 τὰ
793 455 946 505 δίκαια
972 455 1210 520 εἰρηκέναι,
1231 453 1368 504 ιιλίαν
1389 456 1546 518 εὔηθες
1572 478 1677 505 ποι--

157 542 232 590 εἷς.
273 538 322 588 τί
351 537 444 604 γὰρ
480 536 628 588 ἰἕνεκα
661 537 828 589 τούτου
863 539 1067 599 βελτίων
1100 537 1199 588 ἔσθ’
1229 538 1254 587 ὁ
1291 537 1445 601 νόμος,
1473 537 1515 587 εἴ
1544 561 1613 591 τις
1647 537 1676 602 ἢ

157 621 455 684 τετελεύτηκε
492 625 586 671 τῶν
621 621 944 689 γραψαμένων
981 622 1092 686 πρὶν
1126 624 1369 682 εἰσελθεῖν,
1404 618 1433 683 ἢ
1469 623 1677 674 πεισθεὶς
1692 647 1732 668 20

159 702 250 753 ὑπὸ
276 708 367 753 σοῦ
395 703 701 772 διεγράψατο,
728 701 756 767 ἢ
785 705 860 754 καὶ
888 702 1011 756 ὅλως
1039 701 1127 753 ὑπὸ
1152 708 1244 752 σοῦ
1269 700 1637 768 παρεσκευάσθη
1660 724 1671 763 ;

159 785 290 836 ἀλλὰ
315 793 462 837 ταῦτα
487 786 569 850 μὲν
596 786 699 837 οὐδὲ
726 786 880 852 λέγειν
907 785 1070 837 καλόν.

68 877 144 930 163
225 868 480 937 ‘'Htpwyvrat
516 870 565 921 δὲ
599 876 665 941 τῷ
703 871 829 941 νόμῳ
863 872 1087 934 σύνδικοι,
1124 873 1200 922 καὶ
1233 870 1430 934 μάλισθ’
1460 874 1501 921 οἱ
1540 872 1677 921 δεινοὶ

158 954 312 1020 λέγειν
368 955 544 1021 ἄνδρες,
597 955 855 1019 Λεωδάμας
913 955 1172 1023 Ἀχαρνεὺς
1235 957 1310 1005 καὶ
1367 956 1678 1022 Ἀριστοφῶν

158 1035 427 1102 ιςἈζηνιεὺς
467 1039 543 1088 καὶ
587 1037 921 1105 Κηφισόδοτος
966 1040 1017 1088 ἐκ
1056 1037 1341 1103 1Κεραμέων
1377 1041 1452 1088 καὶ
1488 1038 1675 1091 Δεινίας
1690 1065 1726 1096 25

157 1123 419 1188 η”Ερχιευ’ς.
463 1121 493 1171 ἂ
520 1121 575 1185 δὴ
601 1121 719 1187 πρὸς
745 1122 965 1175 11τούτους
993 1121 1363 1186 ὑπολαμβάνοιτ’
1394 1121 1451 1172 ἂν
1478 1120 1677 1184 εἰκότως,

156 1206 404 1267 ἀκούσατε,
444 1208 519 1256 καὶ
559 1211 779 1257 σκοπεῖτε
823 1204 879 1256 ἂν
921 1208 1027 1268 ὑμῖν
1072 1207 1224 1256 δίκαια
1265 1206 1503 1273 φαίνηται.
1547 1210 1677 1271 πρῶ-

156 1313 239 1341 τον
265 1289 348 1352 μὲν
374 1289 490 1355 πρὸς
518 1290 854 1352 Λεωδάμαντα.
900 1290 1034 1343 οὗτος
1069 1289 1316 1357 ἐγράψατο
1347 1288 1433 1352 τὴν
1458 1290 1677 1354 Χαβρίου

156 1373 348 1440 δωρεὰν,
375 1375 422 1424 ἐν
449 1371 478 1441 ᾗ
519 1375 640 1424 τοῦτ’
669 1373 822 1424 ε”νεστι
866 1373 920 1424 τὸ
955 1376 1037 1437 τῆς
1074 1374 1283 1426 ἀτελείας
1318 1377 1412 1423 τῶν
1443 1373 1598 1441 ἐκείνῳ
1632 1396 1678 1423 τι

158 1458 401 1521 δοθέντων,
428 1461 502 1509 καὶ
529 1458 647 1524 πρὸς
674 1461 790 1522 ὑμᾶς
817 1459 1046 1509 εἰσελθὼν
1071 1457 1262 1522 ἡττήθη·
1304 1462 1345 1508 οἱ
1373 1457 1505 1520 νόμοι
1533 1459 1569 1508 δ’
1594 1458 1676 1508 οὐκ
1688 1481 1772 1523 502

158 1544 271 1593 ἐῶσι
306 1545 374 1595 δὶς
411 1541 529 1607 πρὸς
566 1543 648 1592 τὸν
675 1542 816 1593 αὐτὸν
845 1544 950 1608 περὶ
976 1546 1071 1592 τῶν
1097 1543 1250 1592 αὐτῶν
1277 1543 1381 1592 οὔτε
1416 1543 1546 1594 δίκας
1581 1542 1676 1591 οὔτ’

160 1626 350 1680 εὐθύνας
389 1628 492 1676 οὔτε
530 1628 824 1677 διαδικασίαν
859 1629 954 1678 οὔτ’
992 1627 1118 1677 ἄλλο
1158 1628 1349 1677 Οτοιοῦτ’
1384 1625 1514 1677 οὐδὲν
1549 1624 1675 1677 εἶναι.

70 1727 150 1776 164
162 1713 301 1777 χωρὶς
334 1709 381 1760 δὲ
417 1710 593 1760 τούτων
619 1711 922 1762 ἀτοπώτατον
953 1711 1010 1762 ἂν
1035 1711 1226 1762 πάντων
1252 1712 1479 1774 συμβαίη,
1508 1714 1545 1761 εἷ
1571 1711 1705 1768 τότε5

157 1795 241 1857 μὲν
275 1793 334 1844 τὰ
369 1795 587 1859 Χαβρίου
621 1796 728 1861 παρ’
759 1797 864 1857 ὑμῖν
903 1796 1018 1861 ἔργα
1051 1794 1204 1860 μεῖζον
1236 1794 1371 1861 ἰ’σχυε
1405 1799 1500 1844 τῶν
1536 1798 1672 1845 Λεω-

158 1877 389 1940 δάμαντος
445 1876 617 1942 λόγων,
660 1878 814 1941 ἐπειδὴ
866 1878 914 1929 δὲ
958 1878 1107 1928 ταῦτά
1155 1901 1206 1929 τε
1251 1876 1447 1944 ὑπάρχει
1497 1880 1573 1928 καὶ
1617 1878 1675 1929 τὰ

158 1966 252 2012 τῶν
291 1963 456 2013 ἄλλων
495 1965 745 2027 εὐεργετῶν
779 1962 1088 2028 προσγέγονε,
1129 1967 1380 2024 τηνικαῦτα
1417 1960 1676 2025 σύμπαντα

70 2051 303 2112 165ταῦτα
341 2046 660 2111 ἀσθενέστερα
697 2051 790 2095 τῶν
831 2045 997 2095 τούτου
1037 2045 1198 2110 λόγων
1232 2045 1429 2109 γε’νοιτο.
1471 2048 1546 2095 καὶ
1580 2045 1728 2109 μὴνιο

157 2130 274 2194 πρός
313 2152 368 2194 γε
406 2131 772 2197 Ἀριστοφῶντα
808 2128 973 2179 πολλὰ
1008 2131 1083 2178 καὶ
1118 2129 1252 2178 δίκαι’
1280 2128 1338 2178 ἂν
1379 2129 1500 2195 ἔχειν
1532 2134 1675 2181 εἰπεῖν

158 2211 298 2275 οἶμαι.
342 2214 475 2267 οὗτος
514 2215 669 2279 εὕρετο
711 2213 797 2277 τὴν
834 2213 1011 2280 δωρεὰν
1044 2215 1152 2278 παρ’
1192 2215 1342 2277 Ρὺμῖν,
1383 2215 1431 2264 ἐν
1472 2212 1501 2281 ᾗ
1546 2220 1672 2265 τοῦτ’

156 2299 278 2361 ἐνῆν.
321 2300 395 2348 καὶ
430 2300 483 2348 οὐ
518 2301 638 2349 τοῦτ’
667 2301 878 2362 ἐπιτιμῶ·
921 2303 992 2350 δεῖ
1020 2299 1112 2365 γὰρ
1148 2301 1219 2367 ἐφ’
1249 2301 1355 2362 ὑμῖν
1391 2297 1505 2350 εἶναι
1543 2299 1670 2351 διδό-

157 2404 230 2431 ναι
274 2380 333 2430 τόι
378 2381 552 2447 ὑμέτερ’
586 2382 739 2432 αὐτῶν
781 2381 847 2436 οἷς
885 2381 943 2432 ἂν
985 2381 1246 2446 βούλησθε.
1291 2384 1402 2433 ἀλλ’
1437 2384 1580 2435 ἐκεῖνό
1619 2407 1673 2449 γε

155 2467 259 2533 οὐχὶ
297 2468 474 2517 δίκαιον
509 2465 627 2517 εἷναί
667 2472 803 2535 φημι,
829 2467 882 2517 τὸ
917 2466 992 2517 ὅτε
1022 2466 1107 2529 μὲν
1131 2467 1282 2536 τούτῳ
1321 2469 1447 2517 ταῦτ’
1476 2467 1724 2530 ε”μελλενι5

210 2603 225 2624 ‘¹
244 2605 357 2638 τοίνυν
377 2604 582 2639 A.S.Y.O.k
596 2617 655 2638 ηε.
688 2604 888 2649 Legebatur
908 2602 978 2636 οὖν.
1114 2608 1129 2627 ⁸
1150 2601 1490 2647 φιλοκινδυνότατος]
1515 2603 1671 2646 φιλοκιν-

157 2658 346 2692 δυνώτατος
365 2659 405 2691 Α.
560 2655 575 2681 f
601 2655 635 2691 εἶ
658 2663 738 2703 post
767 2656 951 2701 ἀνθρώπων
974 2656 1054 2690 A.S.
1076 2662 1122 2696 et,
1143 2662 1182 2689 ut
1202 2655 1338 2701 opinor,
1358 2656 1470 2695 k.r.s.,
1491 2667 1563 2688 non
1583 2667 1671 2700 quos

159 2711 341 2745 Bekkerus
360 2711 566 2750 nominavit,
591 2711 695 2745 F.t.v.
745 2711 837 2744 Nam
860 2710 1020 2755 quicum
1048 2709 1103 2742 his
1123 2709 1320 2743 consentire
1350 2709 1439 2742 solet
1460 2709 1501 2741 B.
1532 2704 1565 2741 εἶ
1589 2714 1670 2742 ante

157 2765 290 2797 πάντων
310 2765 427 2803 habet,
448 2771 487 2798 ut
506 2765 622 2810 vulgo.
748 2769 768 2796 g
788 2763 894 2808 ποιεῖ]
921 2763 1143 2797 Scribe—batur
1162 2763 1253 2804 ποιῇ.
1378 2759 1398 2786 h
1418 2760 1511 2805 λίαν]
1533 2761 1612 2794 λίαν
1629 2759 1670 2794 ἂν

158 2816 278 2850 Y.O.r.
423 2814 433 2841 ἱ
453 2817 546 2851 ἕνεκα
565 2818 675 2851 A.k.s.
707 2817 931 2851 Scribebatlu·
951 2814 1070 2850 εἵνεκα.
1219 2812 1240 2839 k
1258 2814 1427 2858 Ἀζηνιεὺς
1446 2815 1488 2847 Α.
1518 2813 1670 2857 ἀξηνιεὺς

157 2870 426 2904 F.S.Y.O.r.t.v.
456 2871 600 2915 ἀξινιεὺς
618 2871 653 2904 k.
683 2870 818 2913 ἀζηνεὺς
838 2882 864 2904 S.
960 2866 971 2893 Ῑ
993 2868 1186 2914 Κεραμέων]
1211 2871 1379 2913 κεραμεῶν
1398 2868 1439 2900 A.
1538 2872 1568 2890 m
1588 2866 1666 2911 Ἐρ-

155 2923 264 2968 χιεύς]
288 2924 424 2968 ἀρχιεὺς
442 2930 498 2957 r.t.
610 2929 629 2947 ¹¹
649 2922 806 2968 τούτους]
832 2922 963 2958 τούτοις
986 2923 1021 2956 S.
1107 2927 1126 2946 0
1146 2921 1270 2955 τοιοῦτ’
1291 2921 1388 2954 οὐδέν
1410 2919 1540 2954 S.Y.O.
1571 2920 1668 2953 οὐδὲν

155 2978 309 3011 τοιοῦτον
328 2989 357 3012 s.
387 2979 540 3011 τοιοῦτον
559 2977 657 3011 οὐδὲν
676 2977 794 3022 vulgo.
900 2982 918 3009 P
940 2975 1167 3021 ὑμῖν-ὑμῖν]
1193 2973 1403 3018 ἡμῖν-ἡμῖν
1422 2985 1450 3006 r.

874 3049 950 3077 ΗΖ
