1954 3273
15 166 173 215 -600,
192 181 245 207 ιι.
602 171 742 209 KATA
777 171 1186 209 ΑΝΔΡοΤιαΝοΣ.
1569 166 1652 211 6929

139 284 311 347 σαφῶς
336 278 463 344 ιὑμῖν
487 282 716 350 ἐπιδείξω·
759 283 999 332 ἀνελοῦσα
1032 281 1124 347 γὰρ
1159 282 1186 345 ἡ
1219 280 1373 342 βουλὴ
1400 279 1482 331 τὸν
1510 281 1652 342 νόμον

139 368 305 414 τοῦτον
330 363 678 431 ἐχειροτόνησεν
703 364 906 428 Πῦαὑτήν.

77 458 129 497 26
206 445 316 498 ’Έτι
343 449 498 498 τοίνυν
523 450 743 515 ἐπιχειρεῖ
758 448 914 512 λέγειν
933 451 1141 514 περὶτοῦ
1159 451 1242 512 τῆς
1262 447 1542 513 ἑταιρήσεως
1569 447 1649 497 νό-

139 553 242 593 μου,
288 534 350 584 ὡς
391 532 636 598 ὑβρίζομεν
679 533 808 595 ἡμεῖς
849 534 923 582 καὶ
964 534 1283 601 βλασφημίας
1322 533 1425 599 οὐχὶ
1469 555 1651 598 προση-
1665 555 1704 588 25

141 614 317 668 κούσας
368 617 466 665 κατ’
519 617 659 666 αὐτοῦ
709 614 979 679 ποιούμεθα.
1048 618 1122 666 καὶ
1173 618 1323 684 ι’φησὶ
1377 619 1471 667 δεῖν
1521 617 1655 679 ἡμᾶς,

142 698 269 764 ε’ίπερ
289 700 592 762 ἐπιστεύομεν
612 697 724 749 εἶναι
749 701 875 749 ταῦτ’
899 701 1069 763 ἀληθῆ,
1090 700 1208 766 πρὸς
1234 699 1340 753 τοῦς
1367 701 1657 761 θεσμοθέτας

143 785 370 845 ἀπαντᾶν,
406 785 459 833 ἵν’
489 786 582 834 ἐκεῖ
614 785 719 849 περὶ
754 785 921 850 χιλίων
957 784 1314 846 ἐκινδυνεύομεν,
1341 787 1378 834 εἰ
1412 787 1651 852 καταψευ-

144 867 327 930 δόμενοι
367 869 494 918 ταῦτ’
537 867 837 936 ἐφαινόμεθα·
882 874 964 919 νῦν
1006 867 1054 918 δὲ
1096 868 1354 936 φενακίζειν
1394 869 1541 920 αἰτίας
1582 870 1658 918 καὶ

144 951 380 1017 λοιδορίας
423 949 556 1004 κενὰς
599 950 912 1014 ποιουμένους,
955 955 1030 1001 καὶ
1074 954 1283 1019 ἐνοχλεῖν
1324 952 1377 1001 οῦ
1415 954 1657 1005 δικασταῖς
1671 966 1754 1004 600

79 1036 358 1088 2’βοτούτων
403 1036 538 1086 οὖσιν
581 1037 700 1099 ὑμῖν.
758 1035 849 1100 ἐγὼ
892 1037 929 1086 δ’
970 1034 1131 1098 Ι)οῗμαι
1178 1039 1271 1086 δεῖν
1315 1037 1432 1099 ὑμᾶς
1472 1040 1661 1101 πρῶτον

144 1119 230 1184 μὲν
269 1123 412 1171 ἐκεῖνο
453 1119 756 1185 (Ῑλογίζεσθαι
797 1121 906 1185 παρ’
955 1122 1061 1182 ὑμῖν
1105 1120 1272 1181 αὐτοῖς,
1317 1119 1388 1169 ὅτι
1429 1119 1661 1182 πάμπολυ

146 1205 357 1270 λοιδορία
391 1226 440 1254 τε
475 1206 550 1253 καὶ
586 1204 709 1253 αἰτία
747 1204 1093 1270 κεχωρισμένον
1127 1205 1258 1253 ἐστὶν
1284 1203 1495 1270 ἐλέγχου.
1539 1204 1691 1254 αἰτία5

144 1286 230 1352 μὲν
255 1287 348 1353 γάρ
379 1289 523 1348 ἐστιν,
551 1286 663 1337 ὅταν
689 1309 757 1339 τις
796 1290 931 1355 ψιλῷ
970 1286 1268 1353 χρησάμενος
1303 1287 1436 1356 λόγῳ
1468 1286 1531 1350 μὴ
1563 1310 1657 1337 πα-

145 1371 383 1438 ράσχηται
419 1371 585 1421 πίστιν
612 1368 676 1420 ὧν
702 1370 843 1435 λέγει,
872 1371 1074 1437 ε”λεγχος
1110 1370 1172 1432 δὲ,
1201 1370 1313 1421 ὅταν
1339 1370 1426 1421 Τῶν
1451 1369 1509 1421 ἂν
1535 1371 1663 1439 Ξεῖπῃ

82 1471 132 1510 28
147 1479 216 1510 τις
261 1457 335 1506 καὶ
379 1453 581 1518 τάληθὲς
626 1456 743 1516 ὁμοῦ
788 1454 929 1522 δείξῃ.
978 1455 1081 1505 ἔστι
1125 1455 1281 1505 τοίνυν
1325 1455 1507 1519 ἀνάγκη
1556 1455 1664 1509 τοὺς

475 1536 493 1554 'N

146 1539 428 1607 ἐλέγχοντας
470 1561 500 1601 η
546 1537 770 1601 τεκμήρια
815 1538 1042 1588 δεικνύναι
1084 1540 1138 1588 δι’
1180 1537 1245 1588 ὧν
1285 1540 1568 1606 ἐμφανιοῦσι
1609 1538 1664 1590 τὸ

147 1622 321 1676 πιστὸν
353 1624 473 1687 ὑμῖν,
511 1620 540 1686 ἢ
577 1621 636 1672 τὰ
677 1619 830 1672 εἰκότα
865 1621 1069 1690 φράζειν,
1108 1621 1136 1686 ἢ
1181 1621 1419 1689 μάρτυρας
1456 1623 1656 1691 παρέχε-
1680 1650 1718 1671 ιο

148 1713 280 1759 σθαι·
319 1708 372 1757 οὐ
398 1705 491 1772 γὰρ
526 1705 623 1756 οἶόν
659 1707 696 1756 τ’
725 1706 857 1755 ἐνίων
893 1705 1127 1759 αὐτόπτας
1160 1707 1298 1768 ῑὺμᾶς
1323 1708 1456 1756 Ηέστὶ
1496 1714 1666 1757 γκατα-

204 1912 215 1940 Ῑ
235 1915 312 1958 ὑμῖν
332 1926 402 1949 om.
419 1914 499 1947 A.k.
598 1919 629 1937 m
649 1912 769 1958 αὑτήν]
794 1913 889 1955 αὑτῆι
912 1912 1073 1947 F.Y.O.t.
1097 1919 1131 1947 et
1152 1918 1328 1947 correctus
1347 1913 1382 1947 k.
1414 1913 1496 1957 αὐτῆ
1516 1927 1548 1948 v.
1570 1914 1664 1949 Har-

149 1968 317 2014 pocratio,
336 1965 529 2002 Ἀνελοῦσα
547 1967 617 2013 γὰρ
635 1966 695 2001 τὸν
717 1965 821 2014 νόμον
839 1967 962 2002 τοῦτον
981 1965 1252 2012 ἐχειροτόνησεν
1271 1965 1374 2014 αὐτῇ,
1393 1967 1611 2012 Δημοσθένης
1631 1969 1666 2002 ἐν

151 2024 199 2069 τῷ
218 2021 287 2055 κατ’
306 2019 546 2066 Ἀνδροτίωνός
568 2022 690 2064 φησιν.
720 2021 865 2064 ἀσαφῶς
889 2020 916 2054 δ’
938 2021 1041 2054 αὐτοῦ
1066 2021 1205 2064 ἔχοντος
1225 2021 1276 2053 καὶ
1302 2020 1461 2060 ἐλλιπῶς,
1482 2020 1585 2055 ἄλλοι
1605 2022 1666 2055 ι’ίλ-

150 2077 219 2110 λως
249 2075 458 2120 ἐξηγοῦνται.
489 2074 524 2107 ἐν
544 2074 580 2107 δέ
599 2075 670 2108 τοῖς
688 2074 909 2108 Ἀττικιανοῖς
930 2075 1027 2116 (nam
1056 2073 1104 2107 sic
1129 2073 1312 2119 vulgatum
1330 2073 1497 2109 Ἀττικοῖς
1516 2075 1667 2109 correxit

152 2128 355 2162 Hemsterh.
383 2140 440 2173 ap.
468 2127 659 2161 Dobraeum
690 2129 734 2162 ad
764 2127 881 2161 Photii
910 2128 996 2161 Lex.
1024 2139 1057 2172 p.
1084 2130 1187 2174 740.)
1209 2127 1303 2170 διττὴ
1333 2125 1372 2170 ἧν
1397 2128 1527 2173 γραφὴ,
1558 2128 1576 2172 ἡ
1606 2129 1668 2172 μὲν

152 2180 259 2216 οὔτως
280 2187 303 2199 “
319 2181 488 2214 ἀνελοῦσα
511 2181 576 2226 γὰρ
603 2181 662 2214 τὸν
686 2183 768 2225 νόμο
795 2183 937 2214 ντοῦτον
965 2181 1222 2225 ἐχειροτόνησεν
1242 2179 1365 2224 αὐτὴν”
1384 2180 1458 2214 ἀντὶ
1477 2183 1537 2215 τοῦ
1557 2195 1665 2227 παρα-

151 2236 246 2275 βᾶσα
265 2237 330 2280 γὰρ
349 2236 471 2268 τοῦτον
491 2234 550 2267 τὸν
569 2235 672 2276 νόμον
692 2235 957 2279 διαχειροτονίαν
975 2235 1051 2279 περὶ
1071 2234 1171 2277 αὐτῆς
1191 2234 1324 2273 ἔδωκεν,
1341 2234 1369 2267 εἷ
1390 2234 1455 2280 χρὴ
1472 2236 1668 2278 στεφανοῦν

152 2287 267 2331 αὐτήν·
296 2287 316 2331 ἡ
337 2287 365 2321 δ’
382 2288 470 2331 ἄλλη
493 2292 514 2304 “
529 2286 699 2322 ἀνελοῦσα
719 2290 784 2334 γὰρ
804 2289 864 2320 τὸν
885 2289 986 2331 νόμον
1005 2290 1126 2321 τοῦτον
1146 2288 1383 2333 ἐχειροτόνησε
1402 2290 1562 2328 λαβοῦσα
1583 2289 1665 2322 ἐκεῖ-

153 2356 211 2375 νον
230 2340 350 2384 αὐτῇ.”
391 2340 648 2375 Grammaticus
678 2342 713 2375 in
741 2341 893 2375 Bekkeri
916 2341 1048 2375 Anecd.
1076 2353 1111 2386 p.
1134 2351 1224 2388 397,
1242 2352 1277 2385 3.
1307 2337 1500 2375 Ἀνελοῦσα
1519 2342 1588 2388 γὰρ
1607 2341 1667 2376 τὸν

153 2393 258 2441 νόμον
277 2392 546 2440 ἐχειροτόνησεν
565 2393 657 2442 αὐτῇ
670 2409 676 2429 :
706 2398 808 2428 τοῦτο
828 2395 867 2427 τὸ
887 2394 1011 2439 χωρίον
1031 2395 1249 2438 Δημοσθένης
1267 2391 1334 2438 ’μὲν
1353 2395 1388 2427 ἐν
1413 2396 1460 2442 τῷ
1484 2396 1567 2428 κατὰ
1591 2394 1666 2428 Ἀν-

152 2448 333 2493 δροτίωνος
361 2444 445 2487 εἶπε,
466 2447 562 2490 διττὴ
589 2448 623 2481 δὲ
651 2449 792 2493 φέρεται
818 2447 836 2491 ἡ
858 2447 986 2493 γραφὴ,
1012 2447 1030 2491 ἡ
1051 2449 1112 2490 μὲν
1137 2448 1180 2483 ὡς
1203 2447 1472 2494 προγέγραπται,
1493 2448 1512 2491 ἡ
1538 2449 1574 2482 δέ
1593 2448 1668 2482 ἀντὶ

152 2503 213 2534 τοῦ
243 2501 326 2544 αὐτῇ
357 2500 461 2544 αὐτήν
489 2500 582 2546 λέγει
610 2501 678 2535 κατ’
704 2500 899 2544 αἰτιατικὴν.
931 2501 983 2534 καὶ
1012 2500 1030 2543 ἡ
1057 2502 1119 2544 μὲν
1145 2500 1213 2534 κατ’
1243 2501 1427 2544 αἰτιατικὴν
1451 2503 1667 2547 προαγομένη

152 2556 306 2588 τοιοῦτον
324 2555 395 2598 ἔχει
420 2555 479 2587 τὸν
506 2556 594 2587 νοῦν·
624 2554 795 2588 ἀνελοῦσα
820 2557 941 2588 τοῦτον
962 2555 1021 2587 τὸν
1041 2556 1142 2597 νόμον
1161 2557 1233 2598 ἤτοι
1253 2556 1439 2597 παραβᾶσα
1457 2555 1666 2601 διαχειροτο-

154 2607 227 2640 νίαν
251 2609 328 2653 περὶ
352 2608 470 2650 ἑαυτῆς
494 2607 628 2647 ἔδωκεν,
657 2608 708 2641 ὅτι
741 2608 806 2652 χρὴ
831 2609 1026 2651 στεφανοῦν
1056 2607 1171 2651 αὐτην.
1204 2608 1220 2651 ἡ
1249 2609 1286 2642 δὲ
1310 2608 1393 2641 κατὰ
1417 2608 1561 2651 δοτικήν·
1591 2609 1666 2642 ἀνε-

153 2662 266 2694 λοῦσα
284 2663 407 2694 τοῦτον
426 2661 485 2694 τὸν
505 2661 607 2702 νόμον
627 2660 884 2706 ἐχειροτόνησεν
903 2662 1028 2694 ἐκεῖνον
1047 2662 1159 2704 ἑαυτῇ.
1317 2667 1337 2685 ¹1
1366 2661 1472 2706 φησὶ]
1503 2660 1610 2706 φήσει
1632 2662 1667 2694 S.

223 2711 254 2741 σὶ

153 2746 261 2791 φήσει
280 2760 308 2783 ι’.
420 2752 438 2771 0
457 2745 603 2793 τούτων]
627 2750 698 2783 τοῖς
716 2753 742 2782 t.
854 2752 872 2780 P
893 2744 1000 2793 οἶμαι]
1027 2747 1138 2792 οἴομαι
1160 2748 1195 2781 S.
1289 2754 1309 2781 q
1328 2746 1544 2793 λογίζεσθαι]
1569 2748 1665 2793 λογί-

155 2808 197 2827 σα
1155 2800 1164 2808 *

155 2833 272 2874 ζεσθαι
291 2845 318 2867 r.
347 2833 560 2879 λογίσασθαι
578 2834 660 2868 A.k.
771 2839 786 2858 Γ
812 2831 857 2868 ὧν
875 2835 1031 2869 A.S.k.r.
1061 2833 1111 2870 οἷς
1129 2836 1247 2882 vulgo.
1370 2840 1384 2858 S
1405 2833 1499 2879 εἴπῃ]
1524 2832 1612 2867 ε’ίποι
1631 2834 1668 2867 k.

154 2897 226 2927 r.s.,
246 2899 318 2921 non
338 2888 380 2920 A.
517 2885 531 2910 ῑ
551 2886 635 2930 ὑμᾶς
654 2899 722 2920 om.
746 2886 782 2920 S.
918 2893 938 2912 ¹¹
958 2889 1033 2921 ἐστὶ
1054 2900 1124 2922 om.
1147 2901 1199 2934 pr.
1220 2890 1262 2923 Y.
1399 2892 1418 2910 V
1438 2886 1667 2932 καταστῆσαι]

308 2947 359 2968 σαι

155 2974 360 3017 καταστῆναι
378 2973 414 3008 k.
453 2975 658 3017 καταστῆναι
677 2975 749 3007 Am.
