1954 3273
871 434 978 482 KB.

181 594 405 646 ΚΑΤΑ
459 594 1057 646 ΑΝΔΡΟΤΙΩΝΟΣ
1113 592 1670 647 ΠΑΡΑΝΟΜΩΝ.

692 867 905 896 AIBANIOY
933 865 1170 896 ΥΠΟΘΕΣΙΣ.

224 961 310 990 ΔΥΟ
338 954 427 999 ἦσαν
453 956 488 990 ἐν
512 955 668 1000 Ἀθήναις
694 958 832 998 βουλαὶ,
857 958 876 1001 ἡ
904 958 966 1002 μὲν
991 957 1151 1001 διηνεκὴς,
1173 956 1191 1000 ἡ
1216 956 1251 990 ἐν
1275 953 1395 1002 Ἀρείῳ
1420 956 1518 1002 πάγῳ
1545 953 1626 999 περί
1651 969 1689 988 τε

171 1021 288 1065 φόνων
316 1020 479 1054 ἑκουσίων
507 1022 560 1054 καὶ
589 1022 819 1066 ἃτραυμάτων
849 1023 901 1055 καὶ
934 1021 1098 1056 τοιούτων
1125 1025 1225 1055 τινῶν
1253 1022 1448 1063 δικάζουσα,
1479 1019 1576 1066 ἑτέρα
1603 1020 1640 1054 δὲ
1669 1020 1688 1063 ἡ

171 1083 219 1116 τὰ·
245 1083 404 1116 πολιτικὰ
435 1083 648 1127 πράττουσα·
688 1082 770 1127 αὕτη
809 1084 845 1118 δέ
883 1084 953 1118 κατ’
989 1085 1140 1118 ἐνιαυτὸν
1177 1082 1347 1128 ἠμείβετο,
1387 1084 1423 1117 ἐκ
1458 1083 1720 1121 πεντακοσίων5

172 1145 303 1191 ἀνδρῶν
328 1148 395 1179 τῶν
420 1145 481 1188 τὴν
504 1147 727 1190 βουλευτικὴν
752 1147 883 1190 ἡλικίαν
906 1147 1059 1193 ἀγόντων
1085 1148 1325 1192 συνισταμένη.
1363 1149 1465 1191 νόμος
1490 1147 1526 1181 δέ
1552 1145 1591 1190 ἧν
1617 1148 1689 1180 ἐπι-

173 1210 305 1243 τάττων
337 1212 378 1251 τῇ
414 1211 526 1251 βουλῇ
564 1208 669 1252 ταύτῃ
707 1211 879 1245 ποιεῖσθαι
916 1211 1063 1257 τριήρεις
1099 1212 1224 1252 καινὰς,
1259 1212 1316 1245 ἐὰν
1350 1211 1386 1244 δὲ
1418 1211 1462 1254 μὴ
1495 1209 1691 1254 ποιήσηται,

174 1268 347 1306 ι’κωλύων
371 1272 475 1315 αὐτὴν
499 1273 604 1306 αι’τεῖν
629 1274 720 1318 παρὰ
745 1275 806 1306 τοῦ
832 1273 940 1317 δήμου
965 1274 1105 1319 δωρεάν.
1146 1275 1205 1307 νῦν
1229 1273 1343 1307 τοίνυν
1367 1273 1385 1316 ἡ
1411 1274 1472 1317 μὲν
1496 1272 1607 1315 βουλὴ
1633 1273 1694 1306 τὰς

174 1335 320 1381 τριήρεις
347 1336 407 1370 οὐκ
435 1336 633 1379 ἐποιήσατο,
659 1335 864 1381 Ἀνδροτίων
889 1337 926 1371 δὲ
953 1338 1128 1382 γέγραφεν
1157 1337 1192 1370 ἐν
1217 1339 1264 1383 τῷ
1291 1336 1385 1384 δήμῳ
1410 1335 1583 1381 ψήφισμα
1612 1349 1691 1369 στε-
1710 1346 1749 1366 10

176 1400 337 1444 φανῶσαι
362 1399 423 1442 τὴν
447 1399 591 1443 βουλήν.
632 1400 687 1434 ἐπὶ
713 1399 823 1446 τούτῳ
849 1402 1051 1445 παρανόμων
1076 1399 1234 1446 κρίνεται,
1260 1399 1565 1445 Οκατηγοροὺντων
1590 1399 1694 1432 αὐτοῦ

177 1461 239 1497 δύο
259 1463 402 1509 ἐχθρῶν,
419 1462 632 1507 Εὐκτήμονος
652 1465 704 1497 καὶ
724 1465 910 1509 Διοδώρου.
943 1464 995 1497 καὶ
1015 1462 1191 1509 προείρηκε
1210 1464 1271 1507 μὲν
1290 1464 1308 1496 ὁ
1328 1463 1522 1506 Εὐκτήμων,
1539 1460 1695 1507 δεύτερος

178 1527 215 1561 δὲ
241 1527 259 1560 ὁ
287 1527 457 1572 Διόδωρος
485 1526 724 1573 ἐπαγωνίζεται
752 1527 861 1575 τούτῳ
889 1530 937 1575 τῷ
964 1529 1072 1575 λόγῳ.
1111 1529 1202 1572 φασὶ
1228 1528 1264 1561 δὲ
1293 1528 1324 1560 οἱ
1352 1526 1532 1572 κατήγοροι
1559 1529 1695 1572 πρῶτον
1711 1539 1746 1569 15

177 1591 239 1634 μὲν
263 1589 543 1636 ἀπροβούλευτον
569 1587 650 1625 εἶναι
676 1592 716 1624 τὸ
742 1591 914 1637 ψήφισμα
939 1590 1057 1635 (νόμου
1079 1592 1144 1637 γὰρ
1168 1590 1364 1626 κελεύοντος
1389 1591 1433 1635 μὴ
1458 1592 1625 1635 πρότερον
1650 1590 1697 1624 εἷς

179 1655 239 1688 τὸν
259 1655 364 1698 δῆμον
383 1654 556 1700 ψήφισμα
581 1655 748 1699 ἐκφέρειν,
770 1656 850 1700 πρὶν
876 1655 911 1688 ἐν
936 1657 976 1698 τῇ
1000 1656 1111 1697 βουλῇ
1140 1654 1372 1698 δοκιμασθείη,
1393 1655 1453 1688 τὸν
1470 1651 1699 1698 Ἀνδροτίωνα

180 1720 272 1763 παρὰ
297 1721 418 1752 τοῦτον
447 1720 507 1752 τὸν
537 1720 640 1762 νόμον
669 1718 947 1763 ἀπροβούλευτον
975 1719 1178 1764 εἰσενεγκεῖν
1203 1719 1264 1762 τὴν
1287 1719 1450 1764 γνώμην),
1477 1716 1636 1762 δεύτερον
1663 1717 1700 1750 δὲ

182 1781 380 1816 ὑπεναντίον
408 1782 520 1829 ἐκείνῳ
552 1784 600 1830 τῷ
633 1784 723 1827 νόμῳ
757 1785 805 1830 τῷ
838 1781 1011 1816 κελεύοντι
1044 1782 1089 1826 μὴ
1123 1780 1354 1825 ποιησαμένην
1386 1781 1446 1824 τὴν
1477 1780 1608 1823 βουλὴν
1641 1780 1701 1814 τὰς
1716 1794 1756 1815 20

184 1845 330 1891 τριήρεις
357 1845 402 1889 μὴ
429 1845 534 1879 αἶτεῖν
557 1846 695 1891 δωρεάν·
725 1846 754 1879 εἷ
776 1846 842 1891 γὰρ
862 1846 966 1879 αἷτεῖν
985 1847 1044 1880 οὐκ
1068 1847 1196 1890 ἔξεστι,
1218 1846 1323 1888 δῆλον
1349 1845 1392 1881 ὡς
1418 1845 1495 1879 οὐδὲ
1521 1845 1560 1878 τὸ
1588 1845 1702 1878 δοῦναι
1715 1844 1799 1897 588

186 1910 455 1955 συγκεχώρηται.
501 1907 643 1944 τούτους
673 1910 735 1953 μὲν
763 1910 810 1944 εἷς
837 1911 876 1943 τὸ
904 1911 1044 1955 πρᾶγμα
1076 1910 1154 1945 τοὺς
1185 1912 1318 1954 νόμους·
1353 1909 1560 1954 παρέχονται
1587 1908 1624 1942 δὲ
1653 1909 1706 1942 καὶ

186 1971 269 2004 κατὰ
298 1967 390 2004 (Ῑτοῦ
423 1973 612 2016 προσώπου
642 1971 716 2012 δύο,
746 1973 806 2006 τὸν
833 1973 893 2015 τῆς
921 1972 1126 2017 ἑταιρήσεως
1154 1973 1207 2006 καὶ
1236 1973 1296 2006 τὸν
1323 1974 1391 2005 τῶν
1419 1970 1631 2014 ὀφειλόντων
1659 1972 1707 2017 τῷ

184 2034 349 2081 δημοσίῳ,
380 2035 432 2068 καὶ
461 2036 552 2079 φασὶ
584 2036 644 2069 τὸν
671 2034 897 2081 Ἀνδροτίωνα
925 2036 1008 2069 κατὰ
1036 2035 1252 2081 ἀμφοτέρους
1280 2035 1399 2078 ἄτιμον
1428 2031 1525 2068 εἶναι·
1561 2034 1614 2068 καὶ
1641 2034 1707 2079 γὰρ
1721 2048 1737 2079 5

181 2098 434 2142 πεπορνεῦσθαι
457 2098 510 2131 καὶ
532 2099 634 2144 χρέος
651 2101 808 2146 πατρῷον
827 2099 981 2144 ὀφείλειν
999 2101 1040 2142 τῇ
1060 2100 1171 2134 πόλει.

743 2179 885 2208 ΕΤΕΡΑ
912 2179 1148 2209 ΥΠΟΘΕΣΙΣ.

241 2237 412 2282 Διάφοροι
438 2236 516 2283 παρ’
543 2235 734 2281 Ἀθηναίοις
762 2238 915 2282 ὑπῆρχον
942 2238 1056 2283 ἀρχαὶ,
1084 2234 1129 2272 ὧν
1155 2239 1188 2272 αἱ
1215 2239 1276 2282 μὲν
1305 2238 1483 2283 κληρωταὶ,
1510 2238 1543 2271 αἱ
1572 2237 1608 2270 δὲ
1637 2250 1707 2280 χειο

186 2301 377 2345 ροτονηταὶ,
409 2302 443 2334 αἱ
474 2301 510 2334 δὲ
543 2301 681 2346 αἱρεταί.
731 2301 784 2334 καὶ
814 2302 983 2346 κληρωταὶ
1015 2302 1077 2345 μὲν
1110 2303 1143 2335 αἱ
1175 2302 1259 2335 κατὰ
1292 2302 1416 2346 κλῆρον
1447 2300 1630 2346 γινόμεναι,
1665 2299 1763 2335 ὧςιο

189 2366 223 2399 αἱ
254 2368 321 2399 τῶν
348 2365 528 2405 δικαστῶν,
558 2365 792 2410 χειροτονηταὶ
820 2365 857 2399 δέ
886 2366 919 2398 αἱ
950 2366 1032 2399 κατὰ
1062 2366 1272 2411 χειροτονίαν
1300 2368 1360 2399 τοῦ
1388 2365 1495 2409 δήμου
1522 2366 1707 2411 γινόμεναι,

192 2428 237 2464 ὡς
268 2429 301 2462 αἱ
337 2431 405 2462 τῶν
438 2431 652 2474 στρατηγῶν,
686 2428 814 2472 αἱρεταὶ
846 2428 882 2461 δὲ
920 2429 954 2462 αἱ
991 2430 1074 2462 κατὰ
1106 2427 1250 2474 αἵρεσιν,
1285 2428 1329 2464 ὣς
1365 2430 1399 2462 αἱ
1436 2431 1504 2462 τῶν
1539 2431 1708 2473 χορηγῶν.

191 2491 322 2526 τούτων
345 2491 406 2536 μία
430 2490 470 2534 ἧν
494 2495 562 2525 τῶν
587 2495 769 2536 κληρωτῶν
793 2491 812 2534 ἡ
835 2491 945 2535 βουλὴ
966 2494 1034 2525 τῶν
1055 2490 1298 2527 πεντακοσίων.
1336 2494 1404 2525 τῶν
1422 2491 1654 2525 πεντακοσίων
1673 2491 1710 2524 δὲ
1727 2501 1761 2532 15

192 2554 331 2600 εἴπομεν
360 2556 446 2602 πρὸς
477 2555 742 2599 ἀντιδιαστολὴν
773 2557 832 2599 τῆς
865 2555 900 2589 ἐν
926 2554 1047 2602 Ἀρείῳ
1078 2555 1188 2602 πάγῳ.
1230 2555 1300 2589 εἶσὶ
1328 2555 1365 2589 δὲ
1392 2553 1522 2588 τούτων
1550 2554 1712 2599 διαφοραὶ

192 2621 295 2665 τρεῖς.
339 2621 392 2654 καὶ
419 2621 536 2665 πρώτη
563 2620 639 2653 ἐστὶ
667 2620 706 2653 τὸ
735 2619 795 2662 τὴν
822 2622 890 2653 τῶν
917 2619 1150 2653 πεντακοσίων
1174 2619 1217 2653 τὰ
1242 2618 1391 2662 δημόσια
1418 2618 1601 2663 πράγματα
1627 2617 1713 2650 διοι-

194 2685 273 2723 κεῖν,
300 2683 361 2726 τὴν
386 2683 423 2717 δέ
452 2683 488 2717 ἐν
512 2681 632 2730 Ἀρείῳ
659 2683 758 2729 πάγῳ
783 2683 825 2715 τὰ
851 2683 974 2727 φονικὰ
1002 2681 1118 2726 μόνον.
1157 2682 1186 2715 εἷ
1214 2681 1253 2715 δέ
1278 2695 1330 2716 τις
1355 2679 1444 2715 εἴποι
1472 2680 1524 2714 ὅτι
1552 2680 1604 2713 καὶ
1630 2677 1713 2722 αὕτη

249 2826 269 2846 a
287 2822 486 2867 τραυμάτων
504 2821 667 2855 Wolfius.
699 2820 905 2866 πραγμάτων
924 2820 1014 2854 libri.
1179 2816 1198 2844 b
1218 2819 1356 2853 κωλύων
1374 2818 1536 2852 Wolfius.
1573 2815 1713 2849 κωλύειν

194 2873 285 2908 libri.
396 2879 413 2899 0
432 2872 707 2919 κατηγορούντων
727 2873 939 2906 αὐτοῦ-καὶ
956 2873 1135 2918 προείρηκε
1154 2872 1196 2907 Y.
1229 2869 1505 2916 κατηγορούντων
1523 2871 1589 2914 γὰρ
1609 2868 1713 2902 αὐτοῦ

196 2926 426 2972 -προείρηκε
445 2927 562 2972 vulgo.
675 2922 693 2950 d
714 2928 775 2959 τοῦ
795 2925 953 2959 additum
971 2937 1014 2959 ex
1033 2925 1075 2959 Y.
1079 2931 1105 2959 t.
1109 2936 1142 2959 V.
