1954 3273
98 233 257 288 -706,
269 249 323 275 28.
694 238 837 276 ΚΑΤΑ
867 235 1273 275 ΤΙΜΟΚΡΑΤΟΎΣ.
1660 230 1744 272 737

147 1118 198 1162 23

140 1590 194 1631 24

629 346 745 369 ⁶³03-

223 345 250 397 ὅ
282 368 328 397 τι
358 346 530 410 δήποτε
568 369 680 398 τουτ
717 367 791 412 ην·
836 352 918 398 νῦν
952 349 989 398 δ’
1016 345 1202 412 ἀνάγκη
1241 347 1342 396 καθ’
1371 345 1573 395 ἕκαστον
1600 345 1742 409 χωρὶς

220 431 325 496 περὶ
364 429 566 481 ἑκάστου
598 429 867 495 διελόμενον
901 430 1070 496 λέγειν.
1110 434 1299 496 πρῶτον
1337 434 1351 455 ³
1366 428 1450 492 μὲν
1491 428 1585 488 οὖν,
1624 426 1740 492 ὅπερ

219 513 414 577 ἠδίκησε
448 515 672 580 ἴπρῶτον,
699 516 820 566 τοῦτ’
849 517 952 581 ἐρῶ,
978 517 1071 568 “ὡς
1105 512 1261 580 Χπαρὰ
1290 512 1471 565 πάντας
1509 511 1616 564 τοὺς
1656 510 1733 561 νό-
1754 519 1833 566 706

216 620 331 661 μους
370 598 642 661 ἐνομοθέτει,
669 597 766 649 εἶτα
801 604 895 649 τῶν
924 599 1089 649 ἄλλων
1120 598 1228 666 ἑξῆς
1263 596 1288 648 ὅ
1323 619 1367 647 τι
1403 594 1461 646 ἂν
1496 595 1732 657 βουλομέ-

216 703 310 734 νοις
349 682 455 743 ὑμῖν
482 682 664 732 ἀκούειν
699 680 744 750 ᾗ.
787 684 868 733 καί
897 705 977 744 μοι
1013 682 1135 742 λαβὲ
1167 682 1388 732 τουτουσὶ
1423 678 1529 732 τοὺς
1569 677 1737 741 νόμους

215 765 291 815 καὶ
329 763 580 830 ἀνάγνωθι·
625 765 889 833 φανήσεται
927 765 1021 831 γὰρ
1063 764 1241 816 τούτων
1280 762 1411 814 οὐδὲν
1451 761 1731 825 πεποιηκώς.

213 846 487 914 προσέχετε,
529 847 595 898 Υιῧ
636 849 798 916 ἄνδρες
836 851 1067 912 δικασταὶ,
1102 848 1185 900 τὸν
1220 854 1329 900 νοῦν
1369 849 1727 912 ἀναγιγνωσκο-
1747 864 1763 893 5

211 931 365 995 μένοις
390 936 486 986 τοῖς
512 931 683 997 νόμοις.

595 1038 1083 1079 ²EHIXEIPOTONIA
1121 1034 1352 1077 ΝΟΜΩΝ.

325 1106 416 1148 Ἐπὶ
444 1110 486 1148 δὲ
507 1111 573 1159 τῆς
602 1110 753 1161 πρώτης
783 1111 1015 1161 πρυτανείας
1046 1110 1091 1164 τῇ
1124 1107 1308 1158 ἑνδεκάτῃ
1340 1109 1382 1147 ἐν
1408 1107 1458 1161 τῷ
1488 1104 1606 1159 δήμῳ,
1629 1106 1729 1145 ἐπει·

267 1175 340 1214 δᾶν
362 1176 513 1226 εὔξηται
541 1177 561 1215 ὁ
591 1179 717 1227 κῆρυξ,
741 1176 1052 1228 ἐπιχειροτονίαν
1072 1179 1199 1215 ποιεῖν
1220 1178 1296 1214 τῶν
1318 1175 1462 1225 νόμων,
1484 1177 1637 1225 πρῶτον
1656 1173 1730 1223 μὲν
1749 1190 1784 1212 ιο

264 1242 352 1293 περὶ
384 1246 460 1282 τῶν
491 1247 768 1294 βουλευτικῶν,
803 1245 983 1295 δεύτερον
1012 1244 1053 1283 δὲ
1086 1246 1191 1282 ἱὶτῶν
1220 1245 1371 1288 κοινῶν,
1406 1241 1488 1281 εἶτα
1516 1240 1552 1280 οἳ
1585 1244 1731 1280 κεῖνται

265 1314 346 1352 τοῖς
378 1311 495 1351 ἐννέα
517 1313 721 1364 ἄρχουσιν,
747 1312 830 1352 εἶτα
859 1316 936 1351 τῶν
965 1311 1101 1351 ἄλλων
1129 1311 1275 1363 ἀρχῶν.
1308 1309 1360 1359 bf]
1390 1309 1421 1348 δ’
1444 1308 1730 1360 ἐπιχειροτονία

264 1376 364 1417 ἔστω
386 1378 408 1428 ἡ
430 1378 612 1429 προτέρα,
637 1379 711 1432 ὅτῳ
739 1381 921 1418 δοκοῦσιν
943 1379 1075 1429 ἀρκεῖν
1096 1379 1133 1417 οἱ
1165 1379 1275 1427 νόμοι
1305 1377 1342 1416 οἱ
1368 1375 1629 1426 βουλευτικοὶ,
1652 1376 1674 1425 ἡ
1697 1375 1727 1416 δ’

262 1444 420 1496 ὑστέρα,
459 1447 534 1500 ὅτῳ
574 1446 625 1496 μὴ
667 1449 863 1485 δοκοῦσιν·
912 1445 995 1485 εἶτα
1030 1449 1107 1485 τῶν
1142 1448 1281 1484 κοινῶν
1316 1445 1444 1483 ςκατὰ
1477 1441 1610 1482 ταύτά.
1658 1443 1728 1492 τὴν
1742 1458 1777 1488 15

263 1510 293 1551 δ’
317 1513 628 1565 ἐπιχειροτονίαν
650 1512 782 1553 dafuae
812 1516 888 1552 τῶν
921 1513 1050 1563 νόμων
1075 1514 1171 1552 κατὰ
1192 1512 1280 1553 τοὺς
1312 1512 1453 1561 νόμους
1483 1510 1571 1551 τοὺς
1602 1510 1726 1561 κειμέ-

263 1596 366 1621 νους.
401 1581 470 1620 ἐὰν
491 1580 534 1620 δέ
554 1597 656 1622 τινες
676 1583 753 1619 τῶν
772 1581 904 1630 νόμων
921 1584 998 1620 τῶν
1017 1579 1205 1631 κειμένων
1222 1580 1619 1631 ἀποχειροτονηθῶσι,
1638 1578 1726 1620 τοὺς

259 1646 476 1698 πρυτάνεις,
501 1646 563 1699 ἐφ’
587 1646 642 1687 ὧν
673 1647 721 1687 ἂν
752 1647 802 1697 θὴ
833 1646 847 1670 f
864 1648 1153 1700 ἐπιχειροτονία
1174 1646 1349 1699 γένηται,
1373 1649 1501 1685 ποιεῖν
1531 1645 1618 1696 περὶ
1650 1648 1725 1685 τῶν

258 1714 691 1767 ἀποχειροτονηθέντων
721 1715 792 1765 τὴν
824 1715 1056 1755 τελευταίαν
1076 1717 1153 1753 τῶν
1174 1717 1288 1765 τριῶν
1311 1714 1538 1762 ἐκκλησιῶν·
1571 1711 1660 1753 τοὺς
1682 1715 1723 1751 δὲ
1736 1727 1778 1750 20

259 1782 483 1833 προέδρους,
509 1783 546 1822 οἳ
573 1782 621 1822 ἂν
650 1783 828 1835 ἕτύχωσι
856 1782 1194 1833 ῙἸπροεδρεύοντες
1224 1782 1267 1820 ἐν
1295 1781 1412 1829 ταύτῃ
1443 1782 1488 1834 τῇ
1522 1780 1721 1833 ἐκκλησίᾳ,

257 1850 503 1901 χρηματίζειν
524 1849 742 1901 ἐπάναγκες
771 1853 925 1901 πρῶτον
951 1851 1051 1899 μετὰ
1072 1851 1119 1888 τὰ
1148 1850 1231 1900 ἱερὰ
1260 1848 1347 1899 περὶ
1375 1850 1452 1886 τῶν
1486 1849 1720 1896 νομοθετῶν,

254 1916 339 1957 καθ’
363 1917 386 1956 ὅ
413 1934 450 1957 τι
483 1920 748 1966 καθεδοῦνται,
772 1918 834 1957 καὶ
863 1917 952 1968 περὶ
980 1920 1077 1957 ἱτοῦ
1100 1917 1296 1968 ἀργυρίου,
1320 1916 1465 1955 ὁπόθεν
1493 1919 1571 1956 τοῖς
1603 1931 1719 1965 νομο-

257 1984 386 2026 θέταις
414 1984 538 2024 ἔσται·
570 1985 658 2026 τοὺς
688 1986 730 2024 δὲ
763 1984 977 2035 νομοθέτας
1011 1984 1111 2024 εἶναι
1145 1985 1186 2023 ἐκ
1217 1987 1294 2023 τῶν
1325 1983 1583 2033 ὀμωμοκότων
1619 1981 1719 2022 ιὶτὸν
1731 2001 1770 2032 25

255 2052 486 2101 ἡλιαστικὸν
517 2045 646 2103 ὅρκον.
679 2053 749 2092 ἐὰν
777 2050 806 2092 δ’
830 2053 867 2091 οἱ
897 2050 1104 2103 πρυτάνεις
1130 2050 1182 2101 μὴ
1213 2048 1376 2089 Ῑποιῶσι
1407 2051 1503 2089 κατὰ
1530 2051 1577 2088 τὰ
1604 2057 1637 2076 ¹¹¹
1650 2066 1716 2100 γε-

254 2118 459 2170 γραμμένα
493 2118 564 2168 τὴν
600 2119 812 2169 ἐκκλησίαν
849 2117 872 2169 ἢ
909 2120 945 2159 οἱ
978 2117 1160 2170 προέδροι
1194 2117 1245 2169 μὴ
1277 2118 1551 2170 χρηματίσωσι
1586 2119 1718 2157 ῃκατὰ

252 2187 301 2226 τὰ
335 2185 601 2238 γεγραμμένα,
639 2188 850 2238 οόφείλειν
887 2190 963 2226 τῶν
1002 2187 1076 2238 μὲν
1110 2185 1337 2238 πρυτάνεων
1377 2185 1546 2225 ἕκαστον
1585 2186 1718 2238 χιλίας

250 2330 264 2350 S
283 2326 345 2369 μὲν
369 2338 438 2360 σω.
460 2326 626 2361 Y.O.k.s.
780 2324 798 2350 ‘t
817 2329 953 2370 πρῶτον
973 2337 1044 2360 om.
1065 2326 1179 2360 A.k.s.
1337 2329 1358 2349 ¹²
1375 2324 1437 2370 ὡς]
1463 2323 1514 2359 ὅτι
1535 2324 1578 2360 ὡς
1596 2325 1712 2360 A.k.s.

194 2377 238 2414 ὡς
257 2377 309 2412 ὅτι
328 2391 357 2413 r.
432 2385 451 2404 Χ
467 2380 557 2424 παρὰ
575 2379 719 2425 πάντας]
742 2378 820 2425 παρ’
840 2377 989 2414 ἅπαντας
1007 2391 1059 2425 pr.
1085 2379 1121 2413 S.
1197 2384 1216 2412 Y
1236 2374 1263 2412 ὦ
1277 2390 1347 2412 om.
1370 2378 1494 2412 A.O.1·.
1583 2386 1598 2404 Z
1615 2384 1711 2412 ΕΠΙ-

193 2436 463 2466 ΧΕΙΡΟΤΟΝΙΑ
483 2432 664 2478 ΝΟΜΩΝ]
689 2433 744 2467 ἐπὶ
761 2433 973 2477 χειροτονίαν
993 2434 1102 2476 νόμων
1124 2432 1159 2465 S.
1200 2433 1296 2475 νόμοι
1314 2443 1346 2465 V.
1379 2431 1433 2464 ἐπὶ
1452 2432 1664 2475 χειροτονίαν
1683 2444 1710 2466 r.

193 2489 213 2509 a
231 2488 299 2518 τῶν
318 2485 452 2531 κοινῶν]
475 2486 553 2530 περὶ
572 2489 639 2519 τῶν
658 2489 776 2519 κοινῶν
795 2486 941 2520 A.k.r.s.
1074 2481 1094 2509 b
1121 2484 1139 2528 ἡ
1160 2483 1189 2518 δ’
1209 2483 1475 2529 ἐπιχειροτονία]
1500 2484 1518 2528 ἡ
1539 2485 1575 2518 δὲ
1594 2499 1709 2530 χειρο-

191 2537 287 2571 τονία
307 2538 343 2572 S.
489 2543 506 2563 0
525 2539 607 2572 κατὰ
622 2539 744 2585 ταύτά]
771 2539 853 2572 κατὰ
873 2539 957 2573 αὐτά
978 2538 1014 2572 S.
1045 2536 1113 2571 κατ’
1133 2538 1218 2571 αὐτά
1231 2537 1439 2573 “Α.Υ.Ο.1“,8.
1587 2534 1607 2562 d
1626 2535 1710 2571 εἶναι

1127 2600 1187 2618 απο

189 2643 259 2667 om.
281 2631 325 2667 O.
463 2638 479 2657 e
499 2632 608 2676 {yom-
628 2645 661 2667 V.
798 2630 814 2657 f
830 2632 1095 2680 ἐπιχειροτονία]
1120 2632 1369 2677 ἐπιχειροτονία
1388 2645 1417 2667 r.
1447 2632 1707 2677 ἀποχειροτονία

672 2681 856 2721 τυγχάνωσι

188 2726 347 2761 A.O.k.s.
487 2734 508 2763 g
528 2726 677 2773 τύχωσι]
701 2726 833 2772 τύχωσι
852 2740 881 2763 r.
909 2728 1106 2774 τυγχάνωσι
1125 2729 1237 2763 A.k.s.
1381 2725 1399 2752 h
1419 2725 1698 2772 προεδρεύοντες]

634 2791 656 2807 π
676 2789 715 2808 00-

187 2819 451 2867 παρεδρεύοντος
472 2822 602 2856 S.Y.O.
631 2790 895 2884 πῗιρεδρεΙύοντες
919 2835 949 2859 r.
1064 2819 1075 2848 ἱ
1101 2825 1162 2858 τοῦ
1180 2835 1251 2858 om.
1271 2822 1488 2858 F⁴S.Y.O.v.
1603 2819 1621 2846 k
1642 2823 1702 2856 τὸν

791 2883 871 2903 σωσί

187 2926 257 2950 om.
284 2916 398 2950 A.k.s.
510 2913 521 2941 Ῑ
540 2916 682 2963 ποιῶσι]
705 2884 832 2952 ποιῶσι
851 2930 879 2952 r.
910 2917 1082 2962 ποιήσωσι
1101 2919 1214 2954 A.k.s.
1308 2924 1339 2943 m
1357 2917 1588 2964 γεγραμμένα]
1614 2931 1697 2961 προ-

184 2969 400 3014 γεγραμμένα
419 2969 700 3005 ΑἙ.Υ.Ο.Ι(.Υ.8.
861 2976 882 2994 ¹1
902 2972 985 3004 κατὰ
1003 2972 1045 3005 τὰ
1063 2971 1296 3017 γεγραμμένα]
1319 2972 1402 3005 κατὰ
1421 2971 1463 3004 τὰ
1481 2983 1697 3015 προγεγραμ-

185 3022 269 3064 μένα
288 3021 377 3057 F.O.
408 3033 478 3058 om.
498 3023 611 3059 A.k.8.
723 3028 742 3048 ⁰
760 3021 932 3069 ὀφείλειν]
952 3022 1168 3068 ὀφειλόντων
1183 3037 1215 3062 S.

889 3082 996 3127 le
