1954 3273
63 171 218 215 —717,
240 178 289 203 ιο.
658 164 802 202 ΚΑΤΑ
832 163 1236 202 ΤΙΜΟΚΡΑΤΟΎΣ.
1624 160 1708 202 747

181 276 235 327 οὔ
261 279 358 329 τοῖς
384 274 832 337 Βέπιβουλεύσασιν,
858 271 884 324 δ
915 271 980 324 σὺ
1011 278 1094 324 νῦν
1126 272 1323 340 ε’ίληψαι
1356 277 1519 324 ποιῶν.
1574 270 1706 321 ἀλλὰ

181 359 275 427 γὰρ
313 360 477 411 αὐτίκα
514 361 604 426 ἐρῶ
646 360 754 426 περὶ
798 357 993 409 τούτων.
1050 363 1131 409 νῦν
1169 360 1210 408 δ’
1250 356 1578 423 ἀναγίγνωσκε
1622 354 1705 406 τὸν
1723 378 1760 400 10

181 444 291 513 ἑξῆς
317 444 473 507 νόμον.

832 520 1054 561 ΝΟΜΟΣ.

114 604 168 646 59
294 591 393 633 Ἐὰν
425 592 468 633 δέ
497 609 553 635 τις
585 592 733 647 ἱκετεύῃ
763 592 806 632 ἐν
833 594 879 646 τῇ
908 592 1038 646 βουλῇ
1066 588 1089 640 ἦ
1119 590 1162 629 ἐν
1189 589 1241 644 τῷ
1271 588 1375 644 δήμῳ
1403 589 1492 640 περὶ
1520 589 1574 629 ὧν
1602 591 1705 629 δικα-

238 660 399 712 στήριον
418 658 472 711 bi)
495 660 541 711 εὴ
561 659 692 710 βουλὴ
713 657 735 710 ἢ
758 660 778 699 ὁ
801 661 918 709 δῆμος
940 657 1128 710 κατέγνω,
1153 658 1222 697 ἐὰν
1242 658 1315 708 μὲν
1337 656 1453 698 αὐτὸς
1474 655 1520 696 ‘¹5
1543 657 1706 708 Εόφλὼν

238 727 415 778 Ῑὶκετεύῃ
455 727 547 779 πρὶν
587 727 750 773 ἐκτῖσαι,
789 724 955 775 ἔνδειξιν
992 725 1093 765 εἶναι
1131 724 1295 771 ἕαύτοῢ,
1336 723 1508 776 καθάπερ
1546 723 1616 764 ἐάν
1650 740 1705 766 τις
1723 740 1757 771 15

238 796 416 848 ὀφείλων
451 795 502 849 τῷ
539 794 710 848 δημοσίῳ
744 792 958 844 ἡλιάζηται·
997 794 1068 833 ἐὰν
1099 791 1128 833 δ’
1162 793 1286 835 ἄλλος
1315 793 1412 844 ὑπὲρ
1444 795 1510 831 τοῦ
1541 791 1706 844 11ὠφλη-

240 864 349 906 κότος
377 863 526 918 ἱκετεύῃ
552 862 643 914 πρὶν
673 863 837 909 ἐκτῖσαι,
861 863 1029 913 δημοσία
1050 860 1173 902 ῑέστω
1202 861 1318 901 αὐτοῦ
1342 862 1365 912 ἡ
1387 861 1504 901 οὐσία
1524 859 1704 901 kd'vracra.

240 932 311 972 ἐὰν
338 930 382 972 δέ
407 948 462 974 τις
488 929 590 971 1τῶν
616 930 818 983 προέδρων
844 933 895 986 δῷ
924 931 998 971 τινὶ
1025 931 1095 982 τὴν
1125 932 1449 984 ἐπιχειροτονίαν,
1476 929 1499 981 ἢ
1526 930 1626 985 αὐτῷ
1652 932 1704 986 τῷ

240 998 441 1050 ὠφληκότι
462 995 484 1048 ἢ
506 998 617 1052 ἄλλῳ
638 998 735 1050 ὑπὲρ
758 998 921 1045 ἐκείνου,
944 998 1036 1050 πρὶν
1059 998 1222 1045 ἐκτῖσαι,
1246 998 1381 1049 ἄτιμος
1403 997 1514 1038 ἔστω.
1718 1014 1760 1036 20

116 1089 170 1126 60
247 1074 399 1128 ’Έστι
435 1074 521 1140 μὲν
559 1075 711 1142 ἔργον,
747 1073 784 1126 ὦ
821 1075 985 1143 ἄνδρες
1024 1077 1256 1138 δικασταὶ,
1293 1078 1331 1125 εἰ
1369 1076 1476 1140 περὶ
1513 1073 1706 1126 πάντων

181 1164 277 1211 τῶν
305 1159 475 1224 νόμων,
502 1159 569 1213 οἷς
596 1160 730 1213 οὗτος
755 1160 964 1210 ἐναντίον
988 1157 1296 1226 εἰσενήνοχεν,
1321 1160 1530 1225 ἐροῦμεν·
1571 1158 1706 1228 ἄξιον

181 1243 236 1306 δ’,
278 1246 364 1294 mel
413 1244 525 1310 περί
564 1249 684 1294 ΙΙτου
733 1244 808 1294 καὶ
853 1243 1023 1307 ἄλλου,
1066 1245 1143 1294 καὶ
1191 1243 1296 1309 περὶ
1339 1244 1474 1293 τοῦδε
1522 1240 1576 1293 δν
1622 1249 1705 1294 νῦν

181 1324 394 1392 0ἀνέγνω
439 1329 651 1379 διελθεῖν.
716 1326 741 1376 ὁ
786 1324 880 1393 γὰρ
923 1324 1007 1377 τὸν
1051 1324 1195 1390 νόμον
1238 1330 1419 1388 τοῦτον,
1458 1323 1495 1375 ὦ
1540 1324 1703 1392 ἄνδρες
1718 1353 1755 1384 25

180 1411 470 1475 ι”Αθηναῖοι,
497 1412 590 1464 θεὶς
616 1409 714 1478 ᾕδει
745 1408 831 1474 τὴν
859 1410 1223 1478 φιλανθρωπίαν
1249 1411 1326 1460 καὶ
1351 1408 1437 1473 τὴν
1461 1407 1705 1475 πραότητα

181 1492 267 1558 τὴν
303 1494 539 1561 ὑμετέραν,
575 1497 650 1545 καὶ
688 1493 764 1544 διὰ
801 1493 976 1558 ταύτην
1013 1494 1135 1560 ἑώρα
1168 1495 1310 1560 (ἶπερὶ
1347 1497 1548 1544 πολλῶν
1587 1495 1705 1556 ὑμᾶς

119 1586 167 1626 61
184 1576 372 1632 ἑκόντας
412 1578 501 1644 ἤδη
538 1578 652 1630 ποτὲ
695 1577 885 1644 μεγάλα
928 1577 1255 1645 ζημιωθέντας.
1317 1575 1609 1641 βουλόμενος
1647 1577 1704 1642 δὴ

181 1664 411 1728 μηδεμίαν
450 1662 700 1732 πρόφασιν
741 1668 824 1714 τοῦ
867 1661 928 1714 τὰ
970 1660 1102 1713 κοινὰ
1139 1665 1323 1715 Γκακῶς
1367 1660 1487 1728 ἔχειν
1531 1662 1698 1713 ὑπολι-

181 1751 300 1810 πεῖν,
325 1745 433 1802 τοὺς
466 1747 584 1812 μετὰ
616 1752 711 1798 τῶν
745 1745 902 1811 νόμων
934 1747 1087 1813 κρίσει
1120 1747 1197 1796 καὶ
1223 1746 1509 1815 δικαστηρίῳ
1535 1745 1601 1810 μὴ
1628 1746 1699 1797 δι’·
1719 1764 1797 1807 717

184 1852 292 1881 καια
328 1836 476 1882 ποιεῖν
507 1831 832 1896 ἐγνωσμένους
866 1831 949 1881 οὐκ
984 1828 1100 1899 ᾤετο
1135 1831 1228 1880 δεῖν
1261 1832 1344 1893 τῆς
1382 1830 1588 1893 εὐηθείας
1620 1832 1704 1893 τῆς

184 1914 436 1981 ξ’ὑμετέρας
487 1913 755 1977 ἀπολαύειν,
806 1913 861 1966 τὸ
913 1916 1096 1965 δεῖσθαι
1153 1915 1228 1964 καὶ
1282 1911 1401 1977 μετὰ
1450 1917 1705 1983 συμφορᾶς

186 1998 398 2049 ἱκετεύειν
435 1998 628 2066 ἔχοντας
661 1997 897 2066 ἀφορμὴν,
932 1999 1042 2049 ἀλλ’
1079 1997 1203 2052 ὅλως
1239 1999 1406 2049 ἀπεῖπε
1444 1995 1550 2061 μήτ’
1579 1998 1705 2066 αὐτῷ

186 2079 290 2145 μήτ’
320 2081 457 2151 ἄλλῳ
491 2084 653 2145 μηδενὶ
686 2082 794 2147 μήθ’
823 2081 1036 2134 ἱκετεύειν
1071 2081 1188 2146 μήτε
1221 2080 1402 2147 1ῑλέγειν
1431 2079 1578 2147 ιιὑπὲρ
1610 2085 1735 2140 τῶν5

122 2173 176 2216 62
189 2164 423 2228 τοιούτων,
466 2165 598 2216 ἀλλὰ
646 2171 794 2217 ποιεῖν
843 2165 903 2217 τὰ
947 2166 1101 2217 δίκαια
1150 2168 1282 2232 σιγῇ.
1348 2168 1386 2215 εἰ
1434 2165 1590 2216 τοίνυν
1636 2188 1706 2219 τις

187 2248 356 2315 Χὲροιθ’
385 2250 502 2313 ὑμᾶς
532 2249 745 2316 ποτέροις
768 2254 986 2313 Ῡμᾶλλον
1015 2249 1072 2300 ἂν
1097 2248 1283 2305 εἰκότως
1308 2255 1326 2275 ²
1335 2247 1575 2314 ποιήσαιθ’
1603 2250 1699 2300 ὁτι-

187 2337 282 2395 οῦν,
313 2337 410 2388 τοῖς
445 2333 674 2398 δεομένοις
707 2332 736 2398 ἢ
770 2338 867 2388 τοῖς
904 2333 1248 2396 ἐπιτάττουσιν,
1281 2330 1362 2384 οἷδ’
1396 2332 1468 2384 ὅτι
1506 2331 1703 2401 φήσαιτ’

188 2413 245 2466 ἂν
277 2421 372 2470 τοῖς
407 2418 653 2482 δεομένοις·
695 2416 749 2468 τὸ
784 2417 869 2481 μὲν
902 2416 997 2484 γὰρ
1030 2421 1270 2485 χρηστῶν,
1302 2415 1356 2468 τὸ
1392 2419 1434 2467 δ’
1462 2415 1705 2484 ἀνάνδρων
1719 2445 1759 2467 ιο

243 2548 262 2568 3·
281 2542 589 2590 ἐπιβουλεύσασιν]
613 2543 897 2586 ἐπιβουλεύουσιν
916 2545 985 2578 A.k
1001 2557 1029 2578 s.
1098 2541 1117 2570 b
1137 2544 1156 2588 ἢ
1178 2557 1249 2580 om.
1269 2545 1303 2580 S.
1377 2550 1393 2569 0
1412 2544 1430 2588 ἡ
1452 2556 1521 2579 Om.
1536 2543 1705 2579 F.Y.O.v.

191 2592 209 2620 d
229 2597 247 2629 ὁ
267 2608 338 2633 om.
359 2610 393 2632 V.
511 2603 526 2622 e
546 2597 685 2643 ὀφλὼν]
712 2598 935 2632 Scribebatur
954 2597 1088 2642 ὅφλων.
1213 2596 1228 2623 f
1246 2598 1393 2644 ἱκετεύῃ]
1418 2596 1571 2640 ἱκετεύσῃ
1592 2598 1705 2631 A.k.s.

192 2654 213 2682 g
231 2650 334 2684 αὐτοῦ
355 2650 390 2685 S.
420 2650 490 2684 κατ’
507 2652 611 2685 αὐτοῦ
629 2652 748 2697 vulgo.
821 2648 843 2675 h
863 2651 1081 2697 ὠφληκότος]
1106 2651 1327 2696 ὠφληθέντος
1345 2664 1373 2686 r.
1443 2648 1453 2675 i
1472 2652 1563 2684 ἕστω
1582 2649 1702 2695 αὐτοῦ]

191 2704 295 2736 αὐτοῦ
314 2704 405 2737 ἔστω
425 2704 536 2738 Α,](.8.
621 2700 643 2728 k
662 2703 779 2738 ἅπασα
799 2703 999 2739 S.Y.O.1·.v.
1034 2705 1234 2750 Legebafiur
1252 2707 1359 2739 πᾶσα.
1434 2701 1444 2728 l
1464 2706 1532 2737 τῶν
1551 2715 1620 2737 om.
1640 2704 1706 2737 k.s.

193 2760 225 2779 m
243 2756 272 2789 εἷ
293 2756 456 2792 S.Y.O.r.
494 2757 694 2803 Legebatlu·
714 2756 821 2803 ε’ίπερ.
970 2763 990 2781 ¹¹
1009 2759 1088 2805 του]
1112 2757 1237 2792 τούτου
1255 2770 1309 2804 pr.
1332 2758 1376 2792 Ο.
1519 2761 1537 2780 ⁰
1556 2755 1702 2802 ἀνέγνω]

192 2807 338 2854 ἀνέγνων
358 2822 386 2845 s.
454 2816 474 2844 P
493 2809 678 2855 Ἀθηναῖοι]
702 2810 860 2844 δικασταί
879 2822 907 2846 r.
977 2816 997 2843 q
1015 2811 1109 2857 περὶ]
1133 2812 1224 2857 παρὰ
1243 2817 1420 2846 correctus
1439 2810 1476 2844 k.
1544 2814 1560 2833 Γ
1578 2809 1702 2855 κακῶς]

193 2863 303 2898 καλῶς
321 2875 350 2898 r.
428 2870 440 2887 ς
463 2862 640 2909 ὑμετέρας]
666 2863 826 2909 ἡμετέρας
845 2876 874 2898 r.
946 2865 958 2889 t
977 2863 1106 2910 λέγειν]
1132 2863 1280 2899 κελεύειν
1301 2864 1344 2899 O.
1414 2869 1435 2888 u
1456 2862 1557 2908 ὑπὲρ]
1578 2862 1656 2908 περὶ
1676 2875 1705 2897 r.

193 2919 212 2936 Χ
231 2914 351 2962 ἔροιθ’]
376 2916 476 2960 ε’ροῖθ’
500 2917 535 2951 S.
634 2923 653 2950 Y
671 2918 806 2961 μᾶλλον
824 2914 879 2962 ἂν]
902 2914 944 2950 ἂν
961 2919 1095 2961 μᾶλλον
1114 2930 1143 2954 r.
1233 2923 1251 2943 Ζ
1274 2915 1466 2962 ποιήσαιθ’]
1489 2914 1644 2960 ποιήσεθ’
1663 2916 1707 2951 Α.

192 2968 391 3012 ποιήσαισθ’
411 2976 587 3005 correctus
607 2982 627 3004 a
646 2982 692 3004 m.
714 2970 859 3016 antiqua
880 2969 916 3004 S„
