1954 3273
61 195 215 239 —730,
232 202 263 227 8.
654 190 796 227 ΚΑΤΑ
827 189 1230 227 ΤΙΜΟΚΡΑΤΟΎΣ.
1617 184 1695 228 ’761

188 321 285 360 τας,
329 299 608 366 δικάζοντας,
652 300 989 367 ὀργιζομένους,
1034 298 1221 350 ἅπαντα
1269 304 1518 352 ποιοῦντας
1562 299 1695 361 ὑμᾶς.

186 381 314 447 Υέγὼ
353 382 437 446 μὲν
475 382 580 449 γὰρ,
620 387 658 434 εἰ
702 384 894 450 Κριτίας
939 385 964 433 ὁ
1007 382 1255 448 γενόμενος
1299 386 1394 432 τῶν
1433 381 1698 447 Ζτριάκοντ’

185 465 397 534 εἰσέφερε
434 466 517 517 τὸν
558 465 714 528 νόμον,
754 467 837 517 οὐκ
875 465 932 517 ἂν
969 466 1124 517 ἄλλον
1162 464 1373 532 8τρόπον
1411 463 1537 529 οἶμαι
1575 464 1697 532 γρά-

185 551 328 616 ψαντ’
357 553 632 615 εἰσενεγκεῖν
657 547 685 613 ἢ
712 555 894 600 τοῦτον.

94 648 171 689 105
251 632 368 683 “Ort
403 634 558 683 τοίνυν
596 633 714 697 ὅλην
751 636 925 699 συγχεῖ
961 631 1047 696 τὴν
1084 633 1327 683 πολιτείαν
1365 634 1442 682 καὶ
1479 631 1702 683 καταλύει

183 715 339 767 πάντα
381 716 441 767 τὰ
483 716 721 783 πράγμαθ’
769 717 794 766 ὁ
841 714 995 779 νόμος,
1040 718 1115 766 καὶ
1159 714 1385 769 Ῑ’πολλοὶς
1430 716 1700 784 φιλοτιμίας
1715 742 1751 773 15

184 805 514 867 οπεριαιρεῖται
550 803 633 864 τῆς
667 799 864 862 πόλεως,
896 801 972 850 καὶ
1006 805 1144 850 τοῦτο
1176 799 1345 867 ῥᾳδίως
1380 801 1498 862 ὑμᾶς
1534 800 1702 866 νομίζω

184 882 504 946 μαθήσεσθαι.
559 883 662 934 ἰ’στε
696 881 790 948 γὰρ
821 882 971 946 δήπου
1004 883 1146 944 τοῦθ’,
1174 882 1244 932 ὅτι
1278 882 1476 948 σώζεται
1508 882 1698 934 πολλά-

185 988 254 1018 κις
288 965 453 1029 (Ῑὴμῶν
488 966 548 1030 εὴ
586 965 726 1020 πόλις
765 965 841 1015 διὰ
874 964 958 1018 τὰς
992 963 1269 1031 ἕστρατείας
1308 968 1384 1016 καὶ
1421 965 1505 1019 τὰς
1543 989 1699 1017 ναυτι-

185 1049 269 1102 κὰς
310 1051 387 1100 καὶ
432 1048 516 1103 τὰς
559 1048 747 1116 ἕπεζάς,
793 1052 869 1100 καὶ
912 1048 1078 1100 πολλὰ
1123 1048 1229 1100 ιῙκαὶ
1273 1047 1426 1099 ἰκαλά
1469 1048 1705 1104 πολλάκις
1719 1077 1758 1099 20

186 1132 274 1196 ἤδη
307 1132 625 1200 διεπράξασθε
664 1135 740 1183 καὶ
774 1131 1019 1184 σώσαντές
1054 1154 1181 1184 τινας
1217 1133 1293 1182 καὶ
1327 1131 1705 1198 τιμωρησάμενοι

1234 1213 1330 1265 1(τοὶ
1367 1220 1557 1267 τοιαῦτα
1595 1218 1705 1266 διοι-

96 1230 172 1269 106
188 1218 263 1266 καὶ
302 1216 662 1284 διαλλάξαντες.
718 1220 818 1269 πῶς
857 1216 968 1275 οῦνς
1015 1214 1196 1280 ἀνάγκη

187 1304 282 1350 κεῖν
316 1301 419 1349 ἐστὶ
454 1299 530 1349 διὰ
563 1298 897 1367 ψηφισμάτων
930 1302 1006 1349 καὶ
1037 1298 1193 1362 νόμων
1226 1302 1322 1351 τοῖς
1355 1297 1440 1361 μὲν
1472 1298 1706 1366 εἰσφέρειν

186 1380 529 1445 ἐπιτάττοντας,
572 1380 681 1436 τοὺς
731 1381 779 1433 δὲ
829 1386 1124 1448 τριηραρχεῖν
1174 1381 1462 1442 κελεύοντας,
1503 1380 1610 1434 τοὺς
1657 1379 1707 1431 δὲ

187 1470 337 1528 πλεῖν,
372 1465 478 1520 τοὺς
510 1467 548 1517 δ’
583 1466 762 1517 ἕκαστα
795 1470 943 1516 ποιεῖν
980 1463 1045 1515 ὧν
1079 1467 1162 1515 δεῖ.
1222 1465 1387 1515 οὐκοῦν
1418 1468 1551 1515 ταῦθ’
1580 1464 1706 1518 ὅπως
1720 1490 1758 1522 25

187 1548 468 1619 Ῑγίγνηται,,
491 1550 771 1616 δικαστήρια
812 1554 1098 1616 111πληροῦτε
1143 1550 1219 1599 καὶ
1261 1547 1707 1614 Ῐ1καταγιγνώσκετε

188 1633 364 1697 δεσμὸν
397 1639 492 1685 τῶν
530 1633 882 1697 ἀκοσμούντων.
937 1633 1192 1701 σκέψασθε
1229 1631 1285 1695 δὴ
1321 1631 1403 1683 τὸν
1436 1638 1520 1683 τοῦ
1558 1637 1707 1683 καλοῦ

190 1720 399 1783 κάγαθοῦ
445 1717 612 1769 τούτου
659 1717 815 1781 νόμον,
861 1719 923 1770 ὡς
968 1717 1240 1780 λυμαίνεται
1290 1722 1438 1767 ταῦτα
1481 1718 1556 1766 καὶ
1601 1719 1701 1766 δια-

98 1823 173 1863 107
191 1803 382 1870 φθείρει.
437 1802 702 1868 γέγραπται
727 1800 821 1867 γὰρ
848 1800 997 1864 δήπου
1031 1802 1078 1850 ἐν
1112 1803 1178 1868 τῷ
1218 1798 1344 1868 νόμῳ
1376 1800 1530 1861 αὑτοῦ,
1562 1802 1637 1849 καὶ
1670 1799 1713 1849 εἴ

187 1909 278 1936 τινι
311 1891 406 1936 τῶν
436 1885 726 1955 ὀφειλόντων
761 1885 1131 1951 προστετίμηται
1157 1886 1335 1947 δεσμοῦ
1361 1882 1390 1947 ὴ
1417 1885 1491 1934 καὶ
1517 1882 1570 1933 τὸ
1597 1890 1702 1933 λοι·
1721 1905 1803 1950 730

187 1969 279 2020 πον
322 1973 643 2038 προστιμηθῇ,
687 1967 801 2019 εῖναι
846 1967 1204 2032 καταστήσαντι
1254 1967 1498 2032 ἐγγυητὰς,
1541 1965 1570 2030 ἧ
1614 1965 1708 2029 μὴν

189 2055 263 2104 ἐπὶ
299 2056 381 2117 τῆς
419 2052 615 2117 οένάτης
651 2053 929 2118 πρυτανείας
967 2052 1165 2102 ἐκτίσειν
1203 2050 1256 2101 τὸ
1296 2050 1530 2117 ἀργύριον,
1567 2052 1702 2118 ἀφεῖ-

190 2141 305 2187 σθαι
338 2143 420 2188 τοῦ
456 2139 649 2201 δεσμοῦ.
702 2138 771 2189 τίς
802 2136 882 2186 οὖν
917 2133 1062 2201 πόρος
1095 2134 1264 2196 ε”σταις
1308 2135 1389 2184 τίν’
1419 2133 1702 2197 ἀποσταλή-

189 2243 324 2271 σεται
362 2221 538 2287 τρόπον
571 2221 599 2284 ἡ
635 2218 871 2287 στρατιά;
921 2223 1022 2272 πῶς
1054 2217 1114 2268 τὰ
1151 2217 1372 2285 χρήματα
1409 2216 1737 2285 Ρεὶσπράξο-,ς

189 2328 288 2368 μεν,
327 2304 406 2356 ἐὰν
444 2305 680 2359 (ἷὲκαστος
718 2301 1028 2372 ὀφλισκάνων
1070 2301 1300 2368 ἐγγυητὰς
1345 2306 1550 2369 καθιστῇ
1589 2300 1708 2352 κατὰ

100 2398 178 2438 108
192 2387 274 2439 τὸν
311 2388 476 2440 τούτου
512 2388 668 2453 νόμον,
700 2386 832 2439 ἀλλὰ
865 2394 880 2413 ¹
889 2386 953 2451 μὴ
989 2385 1044 2437 τὸ
1077 2389 1323 2453 προσῆκον
1354 2389 1526 2453 εἱποιῇς
1571 2387 1702 2451 ἐροῦ-

247 2567 265 2594 y
289 2562 355 2607 ἐγὼ
378 2561 455 2606 μὲν]
481 2560 607 2606 ἐγῶμαι
626 2561 742 2595 A.k.s.
907 2563 924 2582 Ζ
944 2557 1110 2605 τριάκοντ’
1130 2558 1306 2605 εἰσέφερε]
1330 2558 1497 2604 τριάκονθ’
1519 2556 1565 2593 εἷς
1582 2535 1708 2603 ἕφερῦν

193 2615 227 2648 k.
249 2620 294 2655 et,
315 2627 387 2648 non
407 2614 643 2660 superscripto
663 2628 690 2654 ε,
712 2613 754 2646 A.
785 2610 950 2656 τριάκονθ’
972 2609 1019 2646 εἷς
1037 2612 1140 2658 ἔφερε
1160 2625 1189 2647 s.
1279 2618 1298 2638 a
1315 2614 1444 2658 τρόπον
1462 2609 1570 2656 οἶμαι]
1596 2609 1706 2654 οἴομαι

192 2669 320 2713 τρόπον
338 2680 370 2702 V.
480 2664 501 2692 b
520 2667 670 2712 πολλὰς]
695 2667 754 2701 τὰς
772 2665 905 2699 πολλὰς
924 2665 961 2698 k.
1064 2670 1081 2690 0
1099 2666 1335 2711 περιαιρεῖται]
1360 2667 1569 2710 παραιτεῖται
1587 2678 1644 2709 γρ.
1668 2664 1707 2697 F.

194 2717 215 2746 d
235 2720 343 2766 ἡμῶν]
369 2720 459 2764 ὑμῶν
478 2733 511 2755 v.
610 2725 626 2744 e
647 2720 665 2763 ἡ
685 2720 785 2753 πόλις
805 2730 876 2752 0111.
897 2729 951 2762 pr.
973 2718 1015 2751 A.
1036 2723 1071 2752 et
1089 2731 1142 2764 pr.
1161 2720 1197 2753 k.
1294 2716 1310 2743 f
1326 2717 1522 2764 στρατείας]
1546 2718 1709 2762 στρατιὰς

194 2773 477 2808 A.F.Y.O.k.r.s.
601 2778 622 2806 g
641 2771 757 2817 πεζὰς]
782 2771 915 2813 πεζικὰς
934 2772 1079 2805 A.k.r.s.
1200 2769 1221 2796 h
1241 2773 1294 2806 καὶ
1313 2783 1382 2806 om.
1405 2771 1450 2805 O.
1571 2767 1581 2794 i
1602 2768 1705 2814 καλὰ]

195 2827 276 2860 κακὰ
296 2827 506 2861 A.Y.O.k.s‚
596 2823 613 2850 k
636 2827 678 2859 τὰ
696 2823 851 2869 τοιαῦτα]
875 2826 981 2857 ταῦτα
999 2824 1244 2860 A.Y.O.k.r.S.
1333 2822 1343 2849 Ῑ
1362 2822 1534 2870 γίγνηται]
1557 2821 1710 2869 γίγνεται

196 2880 270 2913 ΡΝ.
343 2885 372 2904 ¹¹¹
392 2878 581 2924 πληροῦτε]
605 2880 794 2923 πληροῦται
816 2878 924 2910 A.k.s.
996 2883 1016 2902 Π
1036 2877 1345 2924 καταγιγνώσκετε]
1371 2878 1655 2922 καταγινώσκεται
1673 2876 1708 2909 k.

196 2937 214 2957 0
235 2932 351 2976 ἐνάτης
369 2933 444 2967 Α.1·.
474 2933 609 2975 ἐννάτης
627 2932 744 2977 vulgo.
839 2936 858 2963 P
879 2930 1123 2976 εἰσπράξομεν]
1148 2932 1384 2976 εἷσπράξωμεν
1406 2930 1441 2964 S.
1529 2935 1549 2962 q
1569 2928 1711 2963 ἕκαστος

195 2985 425 3020 A.S.Y.k.r.s.
458 2985 657 3031 Legebatur
677 2982 723 3019 εἷς
743 2982 897 3018 ἕκαστος.
967 2988 982 3007 ¹*
1000 2983 1045 3028 μὴ
1064 2984 1120 3030 τὸ]
1144 2985 1184 3018 τὸ
1204 2985 1247 3028 μὴ
1267 2997 1296 3018 r.
1369 2988 1384 3007 S
1403 2981 1500 3028 ποιῇ]
1524 2983 1632 3016 ποιεῖν
1652 2993 1679 3016 r.

896 3056 1014 3086 002
