1954 3273
225 183 308 226 4⁴98
768 186 1191 224 ΔΗΜΟΣΘΕΝΟΎΣ
1353 182 1435 221 On.
1458 181 1566 221 XX.
1592 195 1628 234 p.
1645 182 1742 231 464,
1757 196 1854 220 22—

849 295 865 322 ⁶
887 295 1110 362 ὑπάρχον.
1167 299 1203 345 εἰ
1241 295 1297 345 δέ
1329 316 1398 347 τις
1444 293 1584 343 οἴεται
1623 294 1731 355 δεῖν,

225 297 358 345 σε’στὶ
396 296 450 346 τὸ
488 300 570 360 τῆς
603 298 807 349 πίστεως

226 377 296 427 ὅτι
334 376 534 444 χρήματ’
574 380 656 428 οὐκ
697 378 876 444 ἔχομεν,
916 377 1032 441 μηδὲ
1075 376 1221 445 δόξαν
1263 376 1414 442 θὲχειν
1454 374 1574 437 ἡμᾶς
1610 394 1727 439 χρη-

225 459 359 524 στὴν,
388 463 440 511 οὐ
466 466 622 514 καλῶς
661 465 833 528 φρονεῖ.
889 458 980 525 ἐγὼ
1005 459 1090 523 μὲν
1119 459 1211 525 γὰρ
1249 460 1442 526 εὔχομαι
1479 460 1574 508 τοῖς
1612 458 1732 508 θεοῖς

225 543 439 605 μάλιστα
463 543 559 607 μὲν,
573 544 682 606 ἡμῖν
707 546 782 594 καὶ
819 544 1038 610 χρήματα
1070 542 1234 594 πολλὰ
1259 542 1491 607 γενέσθαι,
1518 543 1556 590 εὶ
1581 539 1629 590 δὲ
1654 537 1732 602 μὴ,
1746 559 1783 590 ²5

226 627 279 678 τό
306 650 358 692 γε
383 632 570 680 πιστοῖς
596 625 726 677 ῐεῖναι
751 629 825 678 καὶ
850 627 1061 688 βεβαίοις
1087 629 1237 676 δοκεῖν
1263 623 1529 688 ἕδιαμένειν.

162 721 212 762 29
300 711 418 776 Φέρε
463 710 519 774 δὴ
560 712 634 760 καὶ
684 709 766 762 τὰς
817 710 1043 775 εὐπορίας,
1087 706 1140 761 ἃς
1183 706 1560 771 ἀναπαυομένους
1609 704 1736 758 τινὰς

227 794 244 820 ¹¹
262 792 538 858 εὐπορήσειν
582 793 708 843 οὗτοι
752 791 1008 860 φήσουσιν,
1048 795 1111 845 εἰς
1136 790 1268 841 ἰδέον
1309 792 1414 854 ὑμῖν
1458 788 1736 854 γιγνομένας

226 875 404 944 Ιίδείξω.
444 877 545 926 ’ίστε
572 875 666 941 γὰρ
692 874 840 939 δήπου
866 876 1007 937 τοῦθ’,
1035 874 1105 924 ὅτι
1136 878 1230 924 τῶν
1255 877 1565 940 τριηραρχιῶν
1592 872 1737 925 οὐδείς

226 960 320 1009 ἐστ’
350 958 519 1022 ἀτελὴς
546 957 648 1009 οὐδὲ
673 962 768 1008 τῶν
792 961 1031 1025 εἰσφορῶν
1056 961 1150 1007 τῶν
1176 960 1238 1009 εἰς
1264 955 1346 1006 τὸν
1370 954 1595 1019 πόλεμον.
1632 956 1736 1006 οὐκ-
1747 963 1829 1017 465

226 1047 306 1092 οῦν
346 1043 370 1092 ὁ
414 1040 580 1092 πολλὰ
620 1041 892 1104 κεκτημένος
931 1040 1077 1102 οὗτος,
1116 1038 1248 1092 ὅστις
1291 1038 1348 1089 ἂν
1391 1037 1436 1106 ᾖ,
1467 1037 1633 1089 πολλὰ
1674 1041 1737 1092 εἰς

158 1131 371 1186 3οταῦτα
409 1128 638 1174 συντελεῖ·
681 1129 817 1174 πᾶσα
851 1122 1047 1188 ἀνάγκη.
1087 1126 1162 1173 καὶ
1196 1121 1290 1186 μὴν
1332 1122 1402 1173 ὅτι
1439 1124 1510 1173 δεῖ
1541 1121 1627 1186 τὴν
1657 1123 1731 1173 εὐ-

224 1209 392 1274 πορίαν
423 1211 484 1261 εἰς
522 1211 654 1258 ταῦθ’
684 1206 907 1273 ὑπάρχειν
941 1208 1175 1270 πλείστην
1201 1210 1259 1273 τῇ
1299 1205 1450 1268 πόλει,
1476 1204 1646 1258 πάντες
1678 1203 1764 1255 ἂν5

228 1290 591 1356 ὁμολογήσειαν·
633 1289 762 1355 παρὰ
795 1290 879 1353 μὲν
910 1289 1004 1355 γὰρ
1030 1288 1114 1342 τάς
1149 1291 1342 1340 ἐπὶτῶν
1377 1293 1612 1356 χορηγιῶν
1647 1291 1734 1339 δα-

226 1375 376 1428 πάνας
438 1374 608 1439 ἡμέρας
657 1373 795 1439 μέρος
845 1372 1035 1439 Ιμικρὸν
1084 1374 1113 1436 ἡ
1164 1373 1299 1439 χάρις
1350 1378 1444 1426 τοῖς
1496 1372 1739 1435 θεωμένοις

227 1459 409 1522 ιι’ἡμῶν,
447 1456 578 1524 παρὰ
615 1457 662 1508 δὲ
705 1456 789 1511 τοὶς
822 1461 916 1507 τῶν
955 1462 1016 1510 εἷς
1056 1456 1139 1507 τὸν
1173 1457 1383 1519 πόλεμον
1427 1460 1740 1522 παρασκευῶν

227 1543 455 1609 ἀφθονίας
491 1541 646 1592 πάντα
681 1539 762 1590 τὸν
793 1538 962 1607 χρόνον
989 1541 1016 1603 ἡ
1043 1541 1255 1605 σωτηρία
1280 1539 1445 1608 1Ῑποῖσῃ
1482 1543 1541 1607 τῇ
1577 1540 1730 1590 πόλει.

228 1623 342 1676 ὥσθ’
385 1625 501 1675 ὅσον
543 1623 692 1675 ἐνθάδ’
739 1625 911 1692 ἀφίετε,
952 1626 1044 1674 ἐκεῖ
1081 1623 1338 1688 κομίζεσθε,
1377 1627 1452 1674 καὶ
1497 1625 1646 1674 δίδοτε
1689 1624 1737 1673 ἐν
1751 1645 1791 1666 10

227 1712 396 1772 οτιμῆς
445 1709 568 1773 μέρει
618 1713 777 1768 ταῦτα,
830 1705 860 1757 ἂ
910 1710 986 1757 καὶ
1038 1707 1102 1771 μὴ
1153 1713 1391 1768 λαβοῦσιν
1440 1708 1571 1758 ε”στιν
1619 1707 1739 1774 ἔχειν

160 1800 246 1853 31p
265 1798 360 1845 τοῖς
398 1797 480 1842 τοῦ
518 1796 811 1857 τριηραρχεῖν
850 1790 961 1858 ἄξια
1000 1790 1302 1854 κεκτημένοις.
1366 1790 1497 1840 ἀλλὰ
1536 1790 1629 1854 μὴν
1670 1789 1740 1841 ὅτι

226 1881 320 1926 τῶν
357 1879 668 1941 τριηραρχιῶν
711 1874 855 1926 οὐδείς
896 1875 991 1924 ἐστ’
1033 1873 1216 1938 ἀτελὴς,
1262 1872 1426 1937 qoam
1470 1874 1583 1938 ῐμὲν
1622 1876 1739 1938 ὑμᾶς

227 1960 390 2009 εἰδέναι
426 1957 620 2020 πάντας,
647 1957 771 2022 ὅμως
807 1956 855 2007 δὲ
890 1960 964 2008 καὶ
998 1957 1081 2008 τὸν
1109 1957 1251 2022 νόμον
1277 1960 1383 2020 ὑμῖν
1408 1958 1570 2009 Ξαύτὸν
1596 1959 1731 2009 ῒοἰνα-

228 2042 476 2107 γνώσεται.
537 2041 657 2102 λαβὲ
694 2039 813 2091 “τὸν
850 2043 955 2106 περὶ
989 2046 1082 2092 τῶν
1117 2047 1428 2108 τριηραρχιῶν
1467 2042 1621 2105 νόμον,
1660 2043 1786 2097 καῖι5

229 2125 337 2190 λέγε
363 2132 381 2151 x
398 2131 535 2176 τοῦτο
561 2123 688 2174 αὐτό.

873 2224 1092 2264 ΝΟΜΟΣ.

287 2305 431 2355 Ἀτελῆ
449 2318 457 2340 >
481 2307 521 2345 δὲ
543 2305 688 2355 μηδένα
711 2305 808 2345 εἶναι
830 2307 1078 2358 τριηραρχίας
1099 2307 1204 2355 πλὴν
1226 2311 1300 2347 τῶν
1323 2307 1438 2347 ἐννέα
1459 2308 1674 2361 ἀρχόντων.

286 2460 301 2478 t·
323 2453 397 2486 ἐστὶ
416 2465 467 2498 pr.
493 2453 573 2486 S.Y.
607 2453 804 2497 Legcbatur
823 2455 934 2497 μεῖζόν
955 2455 1119 2499 (κρεῖττον
1140 2455 1268 2496 A.k.r.)
1290 2455 1377 2488 ἐστι.
1543 2451 1562 2478 ‘¹
1586 2455 1739 2500 ὑπάρχον

231 2506 310 2539 A.k.
330 2511 364 2539 et
384 2518 435 2551 pr.
459 2506 494 2540 S.
531 2505 729 2551 Legebntur
748 2506 900 2551 ὑπάρχον
919 2506 1006 2550 ἡμῖν.
1161 2513 1177 2532 0
1206 2508 1296 2551 ἔχειν
1317 2507 1418 2554 ἡμᾶς]
1444 2507 1527 2550 ἡμᾶς
1545 2508 1635 2551 ἔχειν
1653 2509 1734 2542 A.k.

231 2560 319 2602 ἔχειν
339 2558 422 2602 ὑμᾶς
441 2559 561 2593 Y.().r.
650 2560 655 2580 ³
676 2556 757 2592 εἶναι
778 2566 857 2604 post
877 2560 985 2594 δοκεῖν
1005 2561 1039 2594 k.
1128 2567 1148 2594 g
1169 2560 1349 2606 διαμένειν]
1374 2562 1535 2604 διαμεῖναι
1556 2561 1734 2596 A.S.Y.O.

439 2621 513 2639 Είναι

230 2654 328 2688 k.r.s.
358 2654 523 2697 διιιμενειν
540 2655 576 2687 F.
634 2651 653 2677 h
670 2655 886 2700 εὐπορήσειν]
912 2655 1066 2699 εὑρήσειν
1087 2668 1116 2689 v.
1183 2653 1191 2680 ἱ
1212 2655 1304 2701 δέον]
1328 2656 1435 2699 μέσον
1453 2662 1516 2691 t.v.
1574 2653 1594 2680 k
1614 2657 1730 2703 δείξω]

231 2705 384 2750 ἐπιδείξω
405 2708 513 2741 A.k.r.
594 2704 604 2733 l
623 2708 741 2751 μικρὸν
760 2708 826 2741 hoc
845 2709 922 2742 loeo
944 2709 978 2743 S.
1010 2709 1208 2755 Legebatur
1227 2715 1307 2754 post
1326 2709 1486 2743 δαπάνας.
1518 2721 1587 2743 om.
1608 2709 1733 2744 Y.O.s.

233 2765 261 2783 ¹¹¹
283 2759 391 2805 ἡμῶν]
417 2760 507 2804 ἡμῶν
527 2761 601 2793 ἐστι
618 2761 801 2794 A.F.k.t.v.
843 2761 918 2804 ἡμῖν
938 2762 1013 2795 ἐστι
1032 2763 1067 2796 k.
1213 2768 1228 2783 ¹¹
1247 2763 1340 2804 πάσῃ
1362 2768 1441 2807 post
1460 2764 1558 2795 πόλει
1578 2762 1733 2797 Y.O.r.s.

232 2825 300 2846 om.
322 2814 403 2846 A.k.
474 2819 492 2837 ⁰
512 2814 607 2856 τιμῆς
626 2812 735 2858 μέρει]
759 2815 851 2858 μέρει
871 2816 966 2858 τιμῆς
987 2828 1013 2850 s.
1087 2821 1105 2849 P
1125 2817 1197 2850 τοῖς
1217 2815 1296 2860 τοῦ]
1323 2815 1401 2849 τοὺς
1421 2827 1473 2860 pr.
1497 2816 1531 2849 S.
1605 2821 1625 2848 <1
1645 2813 1736 2859 οἶμαι

232 2866 312 2900 ΑΒ.
342 2865 453 2910 οἴομαι
472 2867 588 2911 vulgo.
680 2871 689 2885 Γ
709 2867 786 2913 μέν]
811 2867 871 2910 μὲν
891 2869 943 2901 καὶ
962 2880 988 2902 ι’.
1079 2874 1092 2893 S
1114 2869 1216 2902 αὐτὸν
1235 2880 1303 2902 om.
1326 2869 1358 2901 k.
1448 2867 1461 2893 t
1480 2868 1730 2914 ἀναγνώσεται]

230 2918 466 2963 ἀναγνώσομαι
485 2925 659 2954 correctus
679 2925 704 2952 t.
761 2925 780 2944 ¹¹
800 2920 877 2966 τὸν]
903 2924 969 2954 τῶν
989 2922 1030 2956 Y.
1078 2928 1091 2943 x
1113 2923 1215 2955 τοῦτο
1230 2922 1311 2955 αὐτό
1328 2922 1408 2956 A.k.
1423 2927 1458 2956 ct
1476 2934 1527 2968 pr.
1549 2922 1586 2958 S.
1613 2924 1735 2955 τοῦτον

232 2972 342 3007 αὐτοῖς
362 2972 476 3017 vulgo.
587 2979 603 3005 5
623 2973 657 3006 δὲ
679 2984 748 3006 om.
769 2973 850 3007 A.k.
