1954 3273
0 175 134 224 ——468‚
157 193 206 218 12.
619 184 762 221 ΠΡΟΣ
794 184 1099 222 ΛΕΠΤΙΝΗΝ.
1532 184 1610 223 501

102 293 257 354 εἰπεῖν,
302 291 379 342 ὅσ’
424 293 744 358 Υεῦεργέτηκεν
789 296 937 357 8ὑμᾶς
987 294 1121 348 οὗτος
1164 293 1312 360 1ῑὸινὴρ
1355 296 1430 344 καὶ
1480 295 1616 348 αὐτὸς

102 377 177 424 καὶ
214 378 255 425 οἱ
293 374 533 441 πρόγονοι·
575 375 705 426 ἀλλά
739 378 1005 443 προπέρυσι
1040 379 1271 431 σιτοδείας
1305 377 1435 443 παρὰ
1468 383 1668 429 πᾶσινῐὸ

102 458 365 523 ἀνθρώποις
399 458 647 523 γενομένης
684 460 737 510 οὐ
775 459 919 523 μόνον
953 463 1096 524 “ὑμῖν
1133 460 1290 512 ἱκανὸν
1327 466 1462 511 σῖτον
1498 462 1614 512 ἀπέ-

102 548 302 603 στειλεν,
354 541 485 591 ἀλλά
541 549 771 593 τοσοῦτον
827 543 952 594 ὥστε
1015 545 1342 595 πεντεκαίδεκα
1397 546 1619 610 ἀργυρίου

35 642 89 684 39
103 625 330 687 τάλαντα,
364 624 393 675 ἃ
431 627 767 690 Καλλισθένης
803 626 1017 696 διῴκησε,
1043 627 1520 694 προσπεριγενέσθαι.
1575 629 1624 678 τί

103 710 184 759 οὖν
210 709 378 771 οἴεσθε,
405 708 441 760 ὦ
472 710 635 777 ἄνδρες
671 715 924 775 Ἀθηναῖοι,
952 717 1117 762 τοῦτον
1152 712 1234 762 τὸν
1270 718 1479 762 τοιοῦτον
1514 713 1618 778 περὶ

102 794 220 857 ὑμᾶς
255 793 575 858 γεγενημένον,
608 793 687 844 ἐὰν
723 793 904 862 ἀκούσῃ
939 792 1066 864 νόμω
1102 794 1187 858 τὴν
1221 796 1485 846 ἀτέλειανΧ
1502 797 1618 859 ὑμᾶς
1633 814 1672 835 ²0

102 876 454 944 Υάφῃρημενους
489 876 630 927 αὐτὸν
666 879 741 927 καὶ
776 881 884 941 μηδ’
912 876 969 928 ἂν
994 878 1230 947 μεταδόξῃ
1256 902 1369 930 ποτε
1395 883 1620 947 ψηφισα-

100 983 265 1023 μενους
290 960 457 1028 ἐξεῖναι
483 962 670 1011 δοῦναι·
660 1002 671 1021 ,
712 959 781 1027 ἀρ’
811 963 1016 1026 ἀγνοεῖτε
1052 962 1122 1012 ότι
1154 963 1178 1012 6
1210 961 1348 1015 αὐτὸς
1375 961 1515 1025 νόμος
1543 963 1618 1013 οὗ-

102 1066 181 1096 τος
214 1041 385 1094 εκεῖνόν
416 1045 453 1094 τ’
484 1043 796 1112 ἀφαιρήσεται
830 1044 915 1105 τὴν
950 1045 1175 1107 ἀτέλειαν,
1210 1045 1365 1112 κύριος
1399 1044 1455 1095 ἂν
1486 1068 1621 1111 γενη-

36 1148 192 1189 4οται,
230 1128 306 1177 καὶ
352 1128 481 1190 ὑμῶν
523 1126 629 1180 τοὺς
675 1129 783 1193 παρ’
824 1129 995 1179 ἐκείνου
1040 1135 1382 1194 σιτηγοῦντας;
1436 1131 1489 1179 οὐ
1526 1129 1671 1196 γάρ25

104 1209 254 1274 δήπου
293 1210 429 1261 τοῦτό
467 1234 521 1276 γε
567 1213 826 1280 ὑπείληφεν
871 1213 1029 1275 οὐδεὶς,
1069 1215 1130 1265 ὡς
1169 1215 1335 1266 ἐκεῖνος
1374 1214 1627 1276 Ζὑπομενεῖ

104 1297 252 1364 ἑαυτῷ
289 1294 374 1359 μὲν
409 1295 605 1361 ἀκύρους
643 1293 757 1346 εῖναι
795 1295 878 1350 τὰς
915 1298 1022 1362 παρ’
1052 1298 1180 1360 ὑμῶν
1213 1295 1399 1362 δωρεὰς,
1435 1298 1541 1360 ὑμῖν
1574 1296 1622 1348 δὲ

103 1380 256 1442 μένειν
305 1378 387 1433 τὰς
436 1384 581 1446 ἣπαρ’
628 1381 808 1431 ἑαυτοῦ.
883 1382 1050 1432 οὐκοῦν
1100 1379 1217 1446 πρὸς
1267 1386 1469 1434 πολλοῖς
1520 1380 1622 1434 b055·

104 1462 161 1512 ⁰6
213 1460 352 1525 νόμος
402 1462 615 1530 βλάψειν
665 1464 782 1526 ὑμᾶς
827 1463 1054 1531 φαίνεται,
1100 1465 1175 1514 καὶ
1226 1464 1628 1531 προσ-ἀφαιρεῖται

103 1568 148 1595 τι
185 1549 279 1596 τῶν
315 1545 622 1612 ὑπαρχόντων
656 1546 762 1610 ἤδη.
824 1544 902 1597 εἷθ’
932 1549 1057 1610 ὑμεῖς
1092 1548 1158 1598 ἐτι
1196 1553 1414 1599 σκοπεῖτε
1454 1552 1491 1598 εὶ
1530 1546 1621 1615 χρὴ
1634 1559 1717 1609 468

103 1634 270 1679 τοῦτον
320 1630 587 1698 ἐξαλεῖψαι,
638 1633 715 1680 καὶ
764 1631 818 1680 οὑ
873 1629 1024 1682 πάλαι
1075 1631 1434 1693 βεβούλευσθε;
1503 1630 1620 1681 ἀνά-

104 1717 252 1778 γνωθι
289 1713 457 1775 λαβὼν
494 1715 648 1767 αὐτοῖς
681 1713 740 1764 τὰ
777 1713 1108 1784 όψηφίσματα
1142 1714 1201 1766 τὰ
1235 1717 1340 1781 περὶ
1378 1721 1460 1766 τοῦ
1497 1715 1617 1765 Λεύ-

102 1819 264 1850 κωνος.

667 1887 1061 1928 ΕΨῙ-ΙΦΙΣΜΑΊἈ.
1633 1903 1650 1933 5

37 1980 88 2019 41
178 1964 264 2017 Ὠς
308 1963 392 2027 μὲν
437 1963 624 2018 εἰκότως
668 1966 744 2014 καὶ
789 1966 972 2019 δικαίως
1015 1965 1234 2032 τετύχηκε
1287 1967 1369 2028 τῆς
1412 1967 1622 2018 ἀτελείας

104 2049 212 2114 παρ’
255 2047 411 2110 ῑὺμῶν
456 2049 480 2097 6
526 2048 731 2110 Λεύκων,
776 2049 992 2113 ἀκηκόατ’
1037 2052 1087 2100 ἐκ
1137 2054 1231 2099 τῶν
1275 2048 1620 2117 ψηφισμάτων,

105 2129 142 2182 ὦ
169 2131 330 2198 ἄνδρες
357 2133 591 2182 δικασταί.
647 2132 825 2183 τούτων
851 2136 892 2183 δ’
921 2131 1142 2184 ἁπάντων
1176 2131 1362 2196 στήλας
1396 2132 1616 2198 ἀντιγρά-

105 2220 224 2285 φους
262 2214 524 2279 ἕέστήσαθ
567 2214 584 2242 *¹
604 2215 729 2279 ὑμεῖς
775 2218 992 2278 κάκεῖνος,
1031 2216 1116 2280 τὴν
1159 2216 1244 2281 μὲν
1282 2218 1330 2266 ἐν
1370 2214 1674 2285 Βοσπόρῳ,ιο

104 2298 190 2362 τὴν
229 2300 270 2348 δ’
303 2299 352 2349 ἐν
388 2302 605 2365 Πειραιεῖ,
641 2298 727 2363 τὴν
761 2301 800 2349 δ’
828 2301 900 2367 ἐφ’
928 2301 1070 2369 Ἱερῷ.
1128 2304 1345 2350 σκοπεῖτε
1387 2298 1468 2363 ἰδὴ
1504 2298 1622 2365 πρὸς

104 2381 125 2409 ¹¹
140 2381 256 2447 ὅσης
296 2405 456 2435 κακιας
494 2382 766 2448 ὑπερβολὴν
802 2385 917 2447 ὑμᾶς
953 2384 977 2433 6
1014 2381 1154 2446 νόμος
1188 2383 1397 2449 προάγει,
1425 2381 1475 2435 ὸς
1508 2385 1616 2433 ἀπι-

160 2528 176 2547 1·
195 2521 426 2568 εὐεργέτηκεν]
451 2494 665 2568 εὐῖργέτηκεν
684 2523 725 2556 F.
837 2527 852 2546 S
872 2522 973 2568 ὑμᾶς]
998 2522 1080 2566 ἡμᾶς
1101 2523 1144 2557 Α.
1249 2523 1261 2548 t
1281 2522 1363 2568 ἁνὴρ
1384 2523 1566 2556 Bekkerus
1586 2522 1622 2555 in

107 2580 227 2610 annot.
244 2576 288 2609 ad
306 2588 341 2621 p.
360 2586 418 2616 10,
433 2586 468 2621 3.
501 2575 724 2609 scribebatur
738 2574 833 2621 ἀνήρ.
864 2577 882 2609 ὁ
902 2575 983 2621 ἀνὴρ
1003 2589 1030 2610 r.
1106 2582 1124 2600 u
1148 2575 1242 2622 ὑμῖν]
1268 2576 1345 2620 ἡμῖν
1363 2577 1400 2611 k.
1475 2581 1495 2600 Χ
1515 2575 1617 2620 ὑμᾶς]

107 2628 191 2673 ἡμᾶς
209 2629 244 2662 k.
366 2635 383 2662 y
403 2628 656 2674 ἀφῃρημένους]
681 2629 950 2674 ἀφαιρουμένους
968 2630 1048 2664 A.k.
1171 2634 1188 2653 Ζ
1209 2629 1388 2675 ὑπομενεῖ]
1415 2629 1571 2673 ὑπομένει
1590 2641 1619 2662 r.

107 2720 127 2739 a
145 2713 222 2759 παρ’
242 2714 380 2760 ἑαυτοῦ]
411 2713 488 2760 παρ’
509 2691 628 2749 ἑαυτῗὸυιν
647 2716 686 2749 F.
722 2714 799 2760 παρ’
814 2717 903 2763 αυτῷ
924 2716 1013 2759 (sine
1034 2715 1172 2761 spiritu)
1193 2716 1236 2748 A.
1268 2714 1345 2760 παρ’
1367 2691 1458 2748 αὐτ-(Ξ
1475 2715 1509 2748 k.
1542 2712 1621 2759 παρ’

107 2769 226 2801 ἑαυτῶι
249 2767 435 2801 S.Y.O.s.t.
472 2766 550 2814 παρ’
572 2770 678 2816 ἑαυτῷ
695 2769 821 2814 δωρεάς
839 2781 867 2803 r.
1044 2765 1064 2793 b
1088 2766 1137 2803 οἷς
1156 2769 1240 2804 A.k.
1280 2768 1479 2813 Legebatur
1499 2764 1549 2801 οἷς
1568 2767 1619 2800 ἄν.

107 2826 124 2845 0
143 2821 161 2853 ὁ
183 2835 212 2854 ν.
231 2822 267 2861 β.
289 2819 319 2853 ὑ.
341 2821 402 2866 φ.]
426 2823 462 2862 β.
484 2821 516 2855 ὗ.
537 2823 555 2854 ὁ
575 2836 604 2857 ν.
625 2823 666 2868 φ.
687 2822 767 2856 A.k.
888 2818 908 2847 d
928 2821 1141 2867 ψηφίσματα
1160 2821 1219 2867 τὰ]
1242 2820 1456 2866 ψηφίσματα
1475 2819 1559 2853 αὐτὰ
1579 2820 1621 2852 τὰ

107 2873 240 2908 F.S.t.v.
270 2873 484 2918 ψηφίσματα
502 2874 586 2909 A.k.
717 2879 733 2899 e
755 2874 1038 2920 ΨΗΦΙΣΜΑΤΑ]
1062 2873 1232 2920 ψήφισμα
1252 2873 1340 2907 A.O.
1470 2869 1486 2896 f
1507 2871 1615 2916 ὑμῶν]

105 2926 198 2970 ἡμῶν
218 2939 246 2961 s.
322 2931 343 2959 g
363 2924 545 2973 ἐστήσαθ’]
570 2927 759 2972 ἐστήσασθ’
776 2928 929 2962 A.F.k.t.
1006 2925 1027 2952 h
1049 2926 1158 2972 ὑμεῖς]
1184 2927 1277 2971 ὑμεῖς
1295 2941 1331 2960 τε
1348 2925 1451 2960 F.t.v.
1526 2921 1536 2948 i
1557 2924 1614 2970 δὴ]

106 2979 142 3013 δέ
162 2991 189 3014 r.
300 2976 319 3003 k
342 2978 442 3025 ὅσης]
467 2981 572 3024 οὔσης
592 2993 620 3016 s.
