1954 3273
0 175 4 279 ξ
84 201 237 254 —692,
256 215 287 240 a.
659 203 798 239 KATA
834 201 1292 239 APIETOKPATOTE.
1649 201 1731 242 725

206 311 527 377 1ποιήσασθαι
576 313 778 377 πολίτην
822 319 851 338 ¹¹³
870 312 1215 378 ἀποκρίνασθαι
1266 311 1350 375 ὅτι,
1404 311 1517 363 ὅταν
1562 312 1729 365 αὐτοὺς

206 397 344 448 ἴδωσι
379 395 679 462 Σπαρτιάτην
716 395 857 447 αὑτὸν
894 397 1244 460 πεποιημένους,
1279 395 1382 448 τότε
1421 398 1580 447 Παύτοῖ
1621 401 1784 447 Me-10

115 501 192 542 257
208 481 354 546 γαρεά
387 479 679 544 ποιήσονται·
720 481 794 530 καὶ
822 481 1063 545 οὨρείτας
1096 482 1308 543 ἐκείνους,
1334 480 1473 546 με’ρος
1507 481 1731 546 τέταρτον

210 565 416 624 Εὐβοίας
443 568 694 625 οἰκοῦντας,
720 562 802 613 τὸν
827 565 1104 629 Χαρίδημον
1130 571 1298 615 τοῦτον
1323 563 1477 626 αὐτὸν,
1507 563 1544 635 ᾧ
1577 565 1732 632 μήτηρ

208 647 292 710 μὲν
330 647 525 714 ὑπάρχει
565 652 747 700 πολῖτις
783 649 883 709 ἐκεῖ,
917 647 1073 714 πατὴρ
1107 651 1147 699 δ’
1177 649 1258 699 οὐκ
1295 650 1383 715 ἐρῶ
1422 650 1490 702 τίς
1525 647 1552 713 ὴ
1587 647 1732 699 πόθεν

212 730 393 794 (Ροὺδέν
419 730 512 797 γὰρ
540 734 610 782 δεῖ
639 732 788 782 πλείω
823 735 917 781 τῶν
950 732 1215 797 ἀναγκαίων
1241 731 1383 783 αὑτὸν
1409 731 1728 802 ἐξετάζεσθαι)
1750 754 1784 786 ¹5

210 817 316 865 ἀλλ’
357 815 481 877 ὅμως
518 814 571 865 τὸ
608 815 755 878 ἥμισυ
793 820 876 865 τοῦ
915 816 1077 880 γένους
1113 817 1287 866 Ἷαύτοῦ
1326 816 1734 880 συμβαλλομένου

209 903 292 947 τοῦ
331 898 552 961 Υὴμίσεος
589 899 725 965 μέχρι
763 901 845 961 τῆς
883 897 1084 965 τήμερον
1124 900 1295 966 ἡμέρας
1334 901 1417 951 οὐκ
1457 899 1732 968 ἠξιώκασιν,

212 983 319 1031 ἀλλ’
355 985 415 1034 εἷς
450 980 556 1034 τοὺς
596 981 758 1035 νόθους
796 983 891 1032 ἐκεῖ
924 988 1154 1047 συντελεῖ,
1189 982 1399 1050 καθάπερ
1434 985 1535 1035 ποτ’
1571 982 1732 1034 ἐνθάδε

117 1075 196 1128 258
212 1069 273 1117 εἷς
314 1064 621 1131 Κυνόσαργες
662 1069 703 1116 οἱ
747 1063 891 1116 νόθοι·
940 1068 1064 1130 ὑμεῖς
1103 1069 1155 1129 δ’,
1194 1065 1231 1118 ὦ
1270 1068 1434 1134 ἄνδρες
1475 1068 1730 1131 Ἀθηναῖοι,

209 1149 370 1211 πάσης
403 1152 484 1212 τῆς
518 1148 702 1202 πόλεως
735 1149 1013 1213 μεταδόντες
1045 1152 1171 1220 αὐτῷ
1206 1155 1280 1202 καὶ
1317 1149 1612 1215 τετιμηκότες
1644 1151 1732 1201 ἄλ-
1744 1175 1786 1197 20

210 1240 324 1294 λοις,
347 1232 412 1282 ε”τι
439 1234 514 1282 καὶ
539 1235 661 1283 τοῦτ’
681 1234 806 1301 αὐτῷ
831 1233 1132 1299 προσθήσετε
1152 1256 1163 1295 ;
1205 1234 1275 1284 ὅτι
1301 1236 1351 1285 τί
1366 1256 1376 1295 ;
1418 1236 1554 1287 ποίας
1580 1234 1732 1296 ἔλαβε

210 1321 320 1369 ναῦς
347 1317 490 1378 5ὑμῖν,
519 1319 576 1366 δι’
605 1313 658 1369 ἃς
692 1316 782 1367 ὑπὸ
815 1321 909 1367 τῶν
941 1316 1315 1368 ἀπολωλεκότων
1342 1317 1692 1379 ἐπιβουλεύεται
1714 1340 1727 1381 3

210 1397 239 1464 ἢ
273 1401 413 1451 ποίαν
448 1397 592 1450 πόλιν
626 1399 920 1466 ἵπαρέδωκεν
955 1399 1258 1467 αἰχμάλωτον
1294 1401 1495 1463 λαβών;
1544 1400 1571 1466 ἦ
1605 1403 1733 1456 τίνας

211 1483 448 1537 κινδύνους
475 1482 589 1549 ὑπὲρ
607 1484 766 1546 “ὑμῶν
787 1484 1156 1546 κεκινδύνευκεν;
1197 1483 1225 1549 ἢ
1252 1485 1380 1538 τίνας
1406 1484 1600 1551 ἐχθροὺς
1625 1484 1732 1539 τοὺς
1745 1506 1783 1539 ²5

212 1567 376 1621 αὐτοὺς
403 1569 538 1631 Χὺμῖν
564 1567 729 1635 ᾕρηται
751 1591 764 1630 ;
808 1570 981 1622 Υούδεὶς
1007 1567 1066 1619 ἂν
1091 1573 1233 1620 εἰπεῖν
1258 1570 1370 1636 ἔχοι.

119 1661 199 1705 259
287 1653 405 1719 Περὶ
442 1651 532 1715 Ζδὴ
570 1656 664 1702 τῶν
704 1651 858 1715 νόμων
898 1651 963 1703 ὧν
1000 1652 1452 1719 παραγεγράμμεθα,
1493 1651 1529 1703 ὦ
1569 1653 1732 1720 ἄνδρες

211 1738 466 1798 ειδικασταὶ,
493 1734 730 1798 βούλομαι
766 1735 910 1802 μικρὰ
943 1735 1062 1802 πρὸς
1099 1737 1216 1799 ὑμᾶς
1249 1736 1391 1788 εἰπὼν
1417 1737 1730 1800 καταβαίνειν,

219 1819 237 1837 Δ

212 1844 244 1871 α
285 1821 454 1886 νομίζω
504 1819 880 1883 μνημονεύοντας
923 1817 988 1868 ¹⁰0⁴(

991 1842 1016 1869 ν
1063 1820 1179 1880 ὑμᾶς
1229 1819 1416 1883 ἄμεινον
1461 1818 1731 1887 φυλάττειν,

212 1903 269 1955 ἂν
306 1903 535 1969 παράγειν
578 1905 653 1953 καὶ
698 1901 955 1970 φενακίζειν
999 1902 1125 1952 οὗτοι
1167 1902 1418 1968 οζητῶσιν.
1481 1905 1506 1954 ὁ
1548 1907 1733 1969 πρῶτος
1747 1917 1830 1970 692

213 1987 354 2050 νόμος
387 1986 602 2052 ἄντικρυς
636 1986 827 2052 εἴρηκεν,
854 1985 912 2036 ἄν
936 2008 1005 2039 τις
1030 1987 1294 2054 ἀποκτείνῃ,
1321 1984 1434 2051 ᾱτὴν
1459 1986 1643 2051 βουλὴν
1669 1990 1735 2038 δι-

213 2070 375 2137 κάζειν·
417 2071 442 2120 ὁ
475 2070 528 2131 δ’,
555 2069 613 2119 ἄν
646 2092 715 2122 τις
751 2069 1014 2137 ἀποκτείνῃ,
1048 2068 1181 2123 εὐθὺς
1216 2070 1457 2138 γέγραφεν
1492 2069 1736 2135 ἀγώγιμον

214 2152 343 2204 εἶναι.
396 2158 535 2204 τοῦτο
570 2151 833 2220 φυλάττετε
869 2154 945 2203 καὶ
978 2152 1234 2216 μέμνησθε,
1262 2152 1333 2203 ὅτι
1363 2152 1554 2204 πάντων
1580 2154 1766 2210 εἐναν-,ς

909 2234 924 2262 f

213 2237 438 2289 τιώτατόν
472 2239 576 2287 ἐστι
613 2240 679 2305 τῷ
716 2237 886 2302 κρίνειν
927 2235 982 2286 τὸ
1012 2236 1078 2300 μὴ
1105 2235 1324 2287 ἕδιδόντα
1360 2237 1518 2303 κρίσιν
1548 2237 1738 2288 ἔκδοτον

122 2326 374 2374 26οποιεῖν.
432 2322 514 2371 οὐκ
545 2322 599 2389 ἐᾷ
630 2320 749 2384 μετὰ
773 2326 920 2371 ταῦτα
947 2321 972 2370 ὁ
999 2320 1209 2387 δεύτερος
1241 2319 1380 2385 νόμος
1407 2321 1510 2372 οὐδὲ
1542 2320 1626 2372 τὸν
1651 2322 1730 2372 ἑα·

214 2403 403 2456 λωκότα
440 2404 733 2472 ἀνδροφόνον
774 2405 1088 2467 λυμαίνεσθαι
1128 2403 1232 2454 οὐδὲ
1269 2403 1491 2472 χρήματα
1529 2403 1735 2470 πράττε-

268 2525 278 2552 l
305 2527 517 2571 ποιήσασθαι
544 2527 704 2573 πολίτην]
733 2528 877 2571 πολίτην
896 2528 1108 2571 ποιήσασθαι
1127 2540 1158 2562 v.
1316 2534 1346 2552 m
1365 2527 1629 2573 ἀποκρίνασθαι]
1654 2526 1738 2561 ἀπο-

216 2581 391 2625 κρίνασθαι
413 2581 525 2615 αὐτοῖς
545 2581 620 2615 F.V.
657 2580 904 2626 ἀποκρίνασθαι
924 2581 1045 2615 αὐτοὺς
1064 2582 1210 2615 A.k.r.s.
1256 2611 1261 2620 ,
1392 2587 1411 2605 1¹
1432 2580 1546 2626 αὐτοὶ]
1571 2581 1623 2614 καὶ
1643 2580 1740 2614 αὐτοὶ

216 2633 320 2667 F.s.v.
352 2635 404 2667 καὶ
423 2646 443 2667 a
461 2646 508 2667 m.
530 2634 674 2679 antiqua
692 2634 864 2668 insertum
882 2634 919 2667 in
944 2634 979 2667 S.
1069 2639 1087 2658 0
1106 2633 1276 2680 Ὠρείτας]
1303 2649 1423 2680 ωριτας
1445 2635 1479 2668 S.
1578 2639 1597 2666 P
1617 2633 1733 2679 οὐδὲν]

216 2686 360 2719 οὐδένων
380 2699 407 2721 r.
523 2693 541 2719 q
562 2687 665 2720 αὐτοῦ
687 2686 993 2733 συμβαλλομένου]
1019 2687 1122 2721 αὐτοῦ
1142 2687 1408 2731 συμβαλομένου
1430 2687 1509 2721 S.Y.
1540 2686 1630 2732 αὐτῷ
1649 2700 1738 2729 συμ-

217 2741 435 2782 βαλλομένου
454 2741 600 2774 A.k.r.s.
695 2745 710 2764 Γ
730 2739 888 2785 ἡμίσεος]
912 2739 1060 2783 ἡμίσεως
1080 2753 1106 2774 s.
1203 2745 1217 2764 ⁵
1239 2740 1332 2786 ὑμῖν]
1357 2741 1434 2784 ἡμῖν
1453 2739 1737 2773 A.S.Y.O.k.r.s.

218 2792 232 2816 t
252 2792 461 2838 παρέδωκεν]
487 2792 720 2837 παραδέδωκεν
740 2793 881 2827 A.k.r.s.
960 2800 978 2818 U
999 2793 1107 2840 ὑμῶν]
1132 2793 1225 2837 ἡμῶν
1244 2795 1279 2828 k.
1366 2802 1383 2819 Χ
1405 2794 1482 2836 ὑμῖν
1501 2805 1572 2826 om.
1590 2793 1739 2827 A.k.r.s.

220 2853 232 2880 >
261 2845 368 2879 οὐδεὶς
389 2844 446 2890 ἂν]
472 2845 542 2879 οὐδ’
563 2843 602 2878 ἄν
622 2843 667 2880 εἷς
688 2846 763 2880 F.V.
840 2852 857 2870 Ζ
878 2845 936 2892 δὴ]
961 2846 997 2879 δέ
1017 2847 1056 2889 δὴ
1078 2847 1152 2882 F.V.
1185 2848 1246 2889 μὲν
1265 2848 1305 2889 δὴ
1325 2847 1468 2881 A.k,r.s.
1545 2851 1563 2869 a
1583 2846 1741 2878 δικασταὶ

220 2909 289 2931 om.
311 2910 336 2930 r.
450 2894 467 2922 b
487 2897 528 2930 ἂν
548 2910 616 2931 om.
640 2898 799 2933 F.S.Y.O
817 2911 848 2932 v.
975 2904 990 2923 ⁰
1012 2901 1155 2942 ζητῶσιν
1178 2901 1213 2934 S.
1256 2900 1455 2945 Legebatur·
1475 2900 1620 2942 ζητῶσιν
1640 2898 1738 2940 ὑμᾶς.

220 2947 240 2974 d
260 2950 336 2995 τὴν]
362 2951 434 2983 τινὰ
454 2951 513 2993 τὴν
534 2951 656 2985 F.Y.O
672 2963 702 2984 V.
825 2957 840 2975 e
862 2952 1100 2985 ἐναντιώτατόν
1121 2953 1213 2997 ἐστι]
1238 2954 1333 2986 ἐστὶν
1353 2953 1592 2985 ἐναντιώτατον
1612 2951 1738 2985 A.F.k.

221 3015 316 3038 r.S.v.
427 3001 442 3028 f
457 3003 514 3049 τὸ]
536 3004 596 3038 τὸν
617 3004 654 3041 F.
765 3010 786 3037 g
807 3004 961 3050 διδόντα]
986 3005 1088 3040 δόντα
1106 3007 1328 3041 A.F.k.r.s.v.
