1954 3273
257 175 341 216 74⁴4·
797 174 1226 213 ΔΗΜΟΣΘΕΝΟΎΣ
1338 170 1424 210 On.
1445 170 1624 211 XXIV.
1646 184 1688 225 p.
1707 181 1804 223 713,
1819 184 1896 208 5—-
1946 0 1954 181 ι

314 284 597 338 Ῑέκλεγόντων,
621 286 683 326 καὶ
711 289 788 326 τῶν
814 287 862 326 τὰ
885 285 1158 336 Μμισθώσιμα
1183 281 1456 334 μισθουμένων
1481 283 1543 326 καὶ
1566 285 1678 323 ῃτῶν
1705 283 1800 334 ἐγ-5
1946 182 1954 412 ᾗ

312 353 535 407 γυωμένων,
558 355 627 396 τὰς
651 353 807 406 πράξεις
836 353 935 393 εἶναι
961 355 1005 403 τῇ
1032 353 1148 392 πόλει
1175 352 1272 391 κατὰ
1298 349 1386 392 τοὺς
1416 350 1556 402 νόμους
1581 349 1669 392 τοὺς
1697 365 1770 390 κει-

308 420 461 474 μένους.
500 421 571 461 ἐᾶν
592 418 622 460 δ’
647 420 710 460 ἐπὶ
730 422 795 469 τῆς
817 419 952 470 ἐνάτης
972 418 1205 470 πρυτανείας
1227 418 1347 472 ὄφλῃ,
1371 420 1438 457 τοῦ
1458 415 1624 469 ὑστέρου
1646 417 1771 457 ἐνιαυ-
1947 416 1954 461 ἰ

309 491 377 528 τοῦ
399 488 462 528 ἐπὶ
482 490 548 538 τῆς
570 486 720 537 ἐνάτης,
743 484 766 537 ἢ
788 485 948 535 δεκάτης
968 485 1202 536 πρυτανείας
1223 484 1400 524 ἐκτίνειν.
1949 466 1954 560 ἱ

182 571 237 624 48
325 564 585 630 Ἀκηκόατε
619 564 704 629 μὲν
737 569 820 615 τοῦ
856 563 1014 628 νόμου,
1040 562 1348 627 μνημονεύετε
1375 563 1413 614 δ’
1441 562 1497 632 ἐξ
1519 563 1661 613 αὐτοῦ
1692 585 1772 627 μοι
1788 589 1827 613 ιο
1949 630 1952 636 ¹

251 655 441 718 πρῶτον
466 649 552 713 μὲν
572 648 626 700 τὸ
653 650 730 700 καὶ
755 648 797 699 εἴ
817 671 906 699 τινι
930 652 1026 698 τῶν
1052 645 1342 715 ὀφειλόντων
1368 648 1546 710 δεσμοῦ
1570 669 1773 713 προσ-τε·
1948 667 1954 698 t

251 734 439 797 τίμηται
477 731 506 796 ἢ
543 731 597 782 τὸ
637 729 808 783 λοιπὸν
845 734 1166 798 προστιμηθῇ,
1201 730 1338 782 ἔπειθ’
1369 729 1438 781 ὅτι
1471 729 1602 794 πλὴν
1636 731 1776 795 οπερὶ

251 821 346 868 τῶν
370 820 589 867 τελωνῶν
615 816 691 866 καὶ
716 817 856 881 Ρπερὶ
886 819 981 865 τῶν
1013 813 1355 878 μισθουμένων,
1383 815 1458 864 καὶ
1490 813 1597 864 ὅσοι
1627 819 1776 864 ταῦτα
1948 834 1954 884 3

252 903 526 966 ἐγγυῶνται,
564 901 773 967 χρῆσθαι
812 897 987 949 κελεύει
1030 902 1096 967 τῷ
1138 896 1282 968 νόμῳ.
1344 897 1492 951 (ἷὸλος
1528 896 1644 961 ι’μὲν
1682 897 1773 965 γάρ
1788 921 1825 953 ¹5
1948 909 1954 951 ὲ

254 991 268 1010 ⁵
285 986 415 1035 ἐστιν
460 981 641 1034 ἅπασιν
685 982 891 1035 ἐναντίος
930 986 1026 1035 τοῖς
1070 981 1192 1044 οὖσι,
1231 980 1449 1045 μάλιστα
1486 979 1536 1031 δὲ
1573 981 1588 1008 t
1603 980 1772 1050 τούτῳ·

253 1067 505 1134 γνώσεσθε
529 1064 608 1117 11δὲ
630 1063 767 1119 Χτοὺς
794 1063 963 1129 νόμους
989 1065 1231 1119 ἀκούοντες
1259 1065 1439 1119 αὐτούς.
1496 1065 1652 1134 Ῡλέγε.

904 1171 1126 1212 ΝΟΜΟΣ.

186 1258 242 1298 49
372 1244 543 1293 Διοκλῆς
565 1242 649 1283 εἷπε
673 1242 760 1284 τοὺς
787 1243 929 1293 νόμους
953 1242 1040 1284 τοὺς
1060 1242 1134 1293 πρὸ
1158 1241 1373 1282 Εὐκλείδου
1393 1240 1576 1283 τεθέντας
1597 1242 1640 1282 ἐν
1661 1243 1775 1292 δημο-
1788 1255 1831 1279 20
1946 1243 1954 1275 s

314 1311 460 1364 κρατίᾳ,
497 1310 559 1350 καὶ
594 1311 683 1350 ὅσοι
721 1308 778 1349 ἐπ’
814 1308 1027 1350 Εὐκλείδου
1065 1309 1257 1360 ἐτέθησαν
1294 1309 1356 1349 καὶ
1397 1309 1499 1349 εἰσὶν
1533 1309 1780 1360 ἀναγεγραμ-

313 1378 438 1428 μένοι,
467 1378 618 1429 κυρίους
650 1377 761 1417 εῗναι.
803 1376 890 1419 τοὺς
918 1378 960 1417 δὲ
987 1375 1066 1427 μετ’
1091 1376 1309 1426 Εὐκλείδην
1329 1375 1513 1417 τεθέντας
1534 1376 1596 1415 καὶ
1622 1374 1666 1415 τὸ
1692 1380 1777 1415 λοι·
1947 1404 1950 1439 ,

314 1445 392 1485 πὸν
422 1444 647 1495 τιθεμένους
680 1445 831 1496 κυρίους
864 1443 964 1483 εἶναι
1001 1444 1077 1483 ἀπὸ
1109 1445 1174 1493 τῆς
1209 1442 1352 1494 ἡμέρας
1380 1442 1424 1493 ἧς
1456 1442 1619 1485 ἕκαστος
1651 1442 1776 1493 ἐτέθη,

315 1511 419 1561 πλὴν
442 1513 477 1551 εἴ
495 1528 546 1565 τῳ
569 1510 893 1562 προσγέγραπται
912 1511 1056 1562 χρόνος
1077 1510 1211 1550 ὅντινα
1231 1512 1292 1550 δεῖ
1310 1510 1459 1563 ἄρχειν.
1497 1509 1715 1562 ἐπιγράψαι
1736 1511 1777 1549 δὲ
1792 1521 1831 1553 25

315 1583 396 1620 τοῖς
424 1580 498 1629 μὲν
526 1581 597 1619 νῦν
627 1577 816 1628 κειμένοις
843 1577 913 1617 τὸν
940 1576 1169 1629 γραμματέα
1195 1576 1263 1627 τῆς
1286 1580 1435 1627 βουλῆς
1460 1577 1666 1630 τριάκοντα
1689 1578 1780 1628 ἡμε-

315 1650 406 1698 ρῶν·
444 1645 487 1685 τὸ
519 1647 561 1686 δὲ
591 1645 745 1691 λοιπὸν,
778 1644 820 1687 ὃς
851 1644 900 1684 ἂν
931 1643 1138 1698 Ζτυγχάνῃ
1170 1645 1463 1696 γραμματεύων,
1491 1644 1782 1696 προσγραφέτω

317 1716 554 1766 παραχρῆμα
574 1712 670 1753 εἰτὸν
693 1713 814 1763 νόμον
835 1713 966 1763 κύριον
988 1711 1088 1752 εἶναι
1109 1711 1185 1751 ἀπὸ
1207 1714 1272 1761 τῆς
1292 1710 1436 1763 ἡμέρας
1456 1710 1500 1761 ἧς
1521 1710 1646 1761 ἐτέθη.

786 1790 910 1842 ι’τῶν
949 1789 1118 1854 νόμων,
1151 1788 1188 1840 ὦ
1225 1790 1389 1857 ἄνδρες
1423 1791 1654 1853 δικασταὶ,
1687 1794 1878 1855 τῶν714

190 1815 246 1857 50
336 1797 514 1847 Καλῶς
548 1791 752 1860 ἐχόντων

260 1877 580 1946 ὑπαρχόντων,
607 1876 713 1927 οὅδε
740 1877 765 1927 ὁ
793 1882 874 1927 νῦν
901 1877 1222 1941 ἀναγνωσθεὶς
1254 1874 1394 1938 νόμος
1431 1876 1632 1941 ὡσπερεὶ
1666 1874 1777 1926 διώ-

259 1985 365 2028 ρισε
399 1964 475 2012 καὶ
507 1961 835 2026 βεβαιοτέρους
867 1960 1086 2024 ἐποίησεν
1118 1958 1298 2012 αὐτούς.
1350 1958 1524 2009 κελεύει
1550 1958 1643 2025 γὰρ
1668 1959 1775 2009 ἕκα-

262 2069 381 2096 στον
408 2047 489 2114 ἀφ’
519 2046 572 2110 ἧς
604 2045 776 2111 ἡμέρας
808 2044 939 2108 ἐτέθη
967 2043 1124 2109 κύριον
1150 2041 1275 2104 εἶναι,
1302 2042 1432 2106 πλὴν
1458 2042 1500 2093 εἴ
1521 2065 1587 2111 τῳ
1612 2040 1810 2109 χρόνοςὸ

262 2129 670 2195 προσγέγραπται,
709 2127 859 2196 τούτῳ
899 2125 946 2176 δέ
991 2124 1073 2176 τὸν
1111 2126 1437 2193 γεγραμμένον
1475 2125 1647 2193 ἄρχειν.
1706 2124 1783 2175 διὰ

263 2212 312 2261 τί
330 2233 342 2272 ;
394 2211 463 2261 ὅτι
502 2208 521 2236 ‘¹
536 2215 737 2262 πολλοῖς
775 2213 870 2259 τῶν
914 2207 1069 2271 νόμων
1106 2211 1533 2274 Επροσεγέγραπτο
1572 2208 1696 2260 “τὸν
1734 2208 1784 2259 δέ

265 2301 293 2324 “
321 2293 464 2356 νόμον
489 2291 602 2343 εἶναι
627 2293 784 2359 κύριον
804 2291 924 2342 τόνδ’
948 2291 1041 2342 ἀπὸ
1067 2297 1149 2341 τοῦ
1174 2291 1291 2354 μετὰ
1316 2290 1398 2341 τὸν
1425 2296 1505 2341 νῦν
1530 2291 1783 2358 ἄρχοντα.”

319 2441 330 2470 l
351 2442 576 2489 ἐκλεγόντων]
600 2441 802 2488 ἐκλεγέντων
821 2454 879 2476 128.
976 2448 1004 2467 Π]
1024 2442 1242 2489 μισθώσιμα]
1266 2443 1470 2486 μισθώματα
1491 2442 1593 2476 SJK.
1679 2446 1698 2464 ¹¹
1718 2442 1786 2474 τῶν

266 2509 334 2532 om.
356 2496 636 2531 A.S.Y.O.k.r.s.
739 2502 757 2519 0
778 2497 854 2539 περὶ
874 2507 943 2529 om.
967 2508 994 2529 s.
1093 2502 1112 2529 P
1132 2497 1208 2541 περὶ
1229 2508 1297 2530 om.
1319 2497 1431 2530 A.k.s.
1532 2501 1551 2528 (1
1573 2493 1671 2540 ὅλος]
1695 2492 1784 2532 ὅλως

266 2552 339 2585 F.v.
358 2556 392 2584 et
413 2562 462 2595 pr.
487 2550 523 2583 k.
555 2549 659 2583 Cous.
676 2561 746 2582 var.
768 2549 848 2582 lect.
871 2549 914 2582 ad
934 2561 967 2594 p.
986 2559 1072 2595 723,
1088 2559 1122 2594 3.
1182 2556 1195 2575 ¹·
1214 2550 1275 2593 μὲν
1293 2550 1358 2594 γάρ
1378 2561 1447 2583 om.
1470 2560 1520 2594 pr.
1539 2548 1574 2582 S.
1632 2552 1646 2571 S
1667 2545 1779 2591 ἐστιν]

265 2605 360 2638 ἐστιν
380 2603 435 2637 ὅδε
456 2618 494 2649 γε
516 2603 591 2637 F.v.
718 2601 731 2626 t
751 2600 873 2635 τούτωι
895 2604 929 2635 S.
965 2602 1164 2648 Legebatur
1183 2605 1299 2636 ταῦτα.
1409 2607 1430 2626 1¹
1450 2602 1486 2635 δέ
1507 2613 1576 2635 om.
1593 2600 1702 2634 F.r.v.
1724 2599 1784 2645 qui

266 2658 341 2691 haee
364 2669 443 2691 cum
473 2655 750 2701 praecedentibus
774 2656 886 2688 verbis
913 2656 1143 2701 conjungunt,
1169 2657 1321 2699 μάλιστα
1345 2655 1381 2688 δὲ
1409 2656 1513 2688 ταῦτα
1539 2653 1784 2699 γνώσεσθε-.

267 2716 285 2735 X
306 2711 385 2745 τοὺς
405 2711 527 2751 νόμους
547 2708 725 2742 ἀκούοντες
746 2710 780 2740 S.
822 2707 1026 2743 ἀκούσαντες
1052 2709 1131 2743 τοὺς
1158 2710 1279 2752 νόμους
1300 2707 1390 2742 Υ.Ο.
1434 2707 1512 2742 τοὺς
1541 2709 1662 2750 νόμους
1687 2704 1785 2739 ἀκού-

267 2778 388 2798 σαντες
407 2775 434 2797 r.
477 2761 694 2796 ἀκούσαντες.
726 2762 805 2806 λέγε
828 2762 907 2795 τοὺς
935 2763 1055 2804 νόμους
1075 2762 1188 2796 A.k.s.
1229 2760 1406 2795 ἀκούοντες
1425 2760 1504 2795 τοὺς
1525 2761 1647 2803 νόμους
1666 2759 1784 2804 vulgo.

267 2823 285 2849 Y
305 2817 385 2861 λέγε
406 2828 476 2849 om.
499 2816 613 2849 A.k.s.
724 2819 741 2838 Ζ
761 2814 930 2859 τυγχάνῃ]
954 2817 1115 2859 τυγχάνοι
1136 2827 1164 2848 S.
1277 2820 1296 2839 a
1314 2815 1374 2847 τὸν
1394 2812 1513 2859 νόμον]
1538 2815 1604 2847 τῶν
1624 2814 1733 2855 νόμων
1752 2823 1784 2846 v.

269 2867 288 2893 b
309 2873 375 2903 τῶν
396 2870 627 2912 νόμων-τῶν
647 2866 883 2912 ὑπαρχόντων]
908 2871 1028 2900 -τὼν
1049 2868 1268 2913 ὑπαρχόντων
1289 2869 1398 2910 νόμων
1420 2867 1494 2901 ΡΝ.
1632 2871 1648 2890 ⁰
1668 2865 1724 2899 ὅδε
1744 2863 1782 2910 ὁ]

269 2924 287 2955 ὁ
307 2923 342 2955 δέ
364 2923 435 2957 A.s.
520 2918 539 2947 ‘l
558 2922 703 2957 πολλοῖς
722 2923 788 2953 τῶν
809 2932 877 2953 om.
899 2933 950 2965 pr.
973 2922 1009 2955 S,
1048 2920 1231 2966 Supplevit.
1251 2932 1375 2953 manns
1395 2920 1551 2964 antiqua.
1636 2924 1652 2943 e
1672 2930 1783 2963 προσ-

270 2975 476 3021 εγέγραπτο]
501 2973 768 3020 προσγέγμιιπτο
790 2973 833 3006 Ο.
863 2975 1145 3018 προσγέγραπται
1165 2974 1342 3008 A.k.1·.s.v.
