1954 3273
209 147 293 185 488
753 144 1178 184 ΔΗΜΟΣΘΕΝΟΤΣ
1334 141 1418 181 οη.
1441 139 1553 180 ΧΧ.
1574 153 1615 194 p.
1631 147 1729 193 452,
1745 156 1841 180 14—

869 265 1058 302 ιςΑΛΛΩΣ.

262 334 302 369 ‘0
331 336 416 381 πρὸς
444 334 608 377 Λεπτίνην
634 334 739 379 λόγος
767 332 960 377 ἐπιγραφὴν
988 331 1058 375 ἔχει
1085 329 1253 373 τοιαύτην,
1283 327 1462 374 ἐπειδήπερ
1490 327 1721 373 παρελθόντος

210 401 271 433 τοῦ
290 401 427 444 χρόνου,
448 399 483 432 ἐν
502 395 527 445 ᾧ
547 396 731 431 ὑπεύθυνος
751 395 789 439 ἧν
809 395 919 441 κρίσει
937 396 990 428 καὶ
1013 393 1154 438 τιμωρίᾳ
1173 391 1338 439 Ῑγράφων
1356 407 1407 427 τις
1429 394 1541 436 νόμον,
1561 392 1719 436 ἐφαίνετο
1735 402 1770 435 15

210 460 375 505 Λεπτίνης
400 460 583 495 ἀκίνδυνος·
615 459 692 494 ὅθεν
719 460 804 503 πρὸς
830 457 944 496 αὐτὸν,
965 455 1043 490 ἀλλ’
1065 457 1103 489 οὐ
1127 455 1196 490 κατ’
1217 456 1319 489 αὐτοῦ
1343 457 1361 488 ὁ
1383 456 1500 500 λόγος.
1539 454 1558 497 ἡ
1578 454 1614 488 δέ
1635 454 1718 487 ὑπό-

211 527 306 561 θεσις
335 525 440 560 οὕτως
468 526 548 569 ἔχει.
588 523 731 566 σύνηθες
756 522 795 565 ἦν
820 524 860 564 τῇ
888 522 989 554 πόλει
1017 522 1083 553 τῶν
1107 518 1293 562 Ἀθηναίων
1316 519 1416 562 τιμᾶν
1443 518 1522 552 τοὺς
1547 516 1722 562 εὐεργέτας

209 591 362 634 μάλιστα
389 590 535 623 πολλαῖς
563 589 615 621 καὶ
643 587 820 631 διαφόροις
846 587 955 628 τιμαῖς
982 584 1034 617 καὶ
1063 583 1102 626 δὴ
1132 584 1184 616 καὶ
1212 583 1359 626 ἀτελείᾳ.
1399 583 1540 615 πολλῶν
1565 581 1602 614 δὲ
1630 580 1721 623 εἷλη-
1735 590 1776 612 20

210 654 327 698 φότων
354 653 406 686 καὶ
434 651 548 685 ἀστῶν
576 652 628 684 καὶ
657 651 772 694 ξένων,
801 649 990 693 ἐπέλειψαν
1014 648 1046 680 οἶ
1072 645 1432 691 Πὶλειτουργὴσοντες,
1461 645 1514 678 καὶ
1539 644 1593 678 διὰ
1620 645 1722 677 τοῦτο

210 715 338 759 σχεδὸν
362 718 428 748 τῶν
452 716 671 759 λειτουργιῶν
698 711 966 756 περιισταμένων
992 711 1038 746 εἷς
1063 710 1142 745 τοὺς
1164 709 1322 754 ἀπόρους,
1346 708 1508 751 Λεπτίνης
1529 709 1596 741 τῶν
1619 708 1721 740 πολι-

209 779 396 821 τευομένων
427 777 509 822 ἀνὴρ
541 777 599 809 οὐκ
630 776 788 819 ἀδόκιμος
819 775 953 819 ἔγραψε
986 774 1088 817 νόμον
1122 772 1235 807 αὐτοῖς
1266 771 1416 817 ῥήμασιν
1447 769 1553 805 οὕτως
1584 770 1720 814 ἔχοντα,
1736 781 1774 813 25

212 846 233 859 “
255 840 345 874 ὅπως
373 838 413 873 ἂν
441 840 472 872 οἱ
500 839 754 872 πλουσιώτατοι
782 839 1022 882 λειτουργῶσι,
1051 836 1177 879 μηδένα
1206 834 1308 878 ἀτελῆ
1339 831 1422 867 εἶναι
1449 833 1539 876 πλὴν
1567 835 1635 866 τῶν
1662 831 1723 877 ἀφ’

210 911 232 924 “
253 904 434 949 Ἀρμοδίου
459 904 512 936 καὶ
537 901 830 946 ’Λριστογείτονος
858 901 910 934 καὶ
938 903 1006 933 τῶν
1033 899 1125 933 ἐννέα
1151 898 1335 944 ἀρχόντων,
1358 898 1441 941 μηδὲ
1464 897 1504 930 τὸ
1526 897 1649 930 λοιπὸν
1668 896 1723 940 ἐξ·

212 974 234 986 “
256 969 338 1001 εἶναι
365 969 413 1013 τῷ
440 966 532 1012 δήμῳ
559 965 726 1008 αἶτηθέντι
754 964 894 997 διδόναι·
932 964 960 996 εἰ
986 962 1024 996 δέ
1050 977 1101 997 τις
1125 961 1198 1008 ἁλῷ
1224 962 1337 1001 αἰτῶν,
1365 961 1484 1003 ἅτιμον
1512 960 1614 993 αὐτὸν
1641 956 1725 993 εἶναι
1737 963 1820 1005 453

212 1037 234 1049 “
255 1031 308 1065 καὶ
335 1030 431 1075 γένος
460 1030 512 1062 καὶ
541 1028 658 1068 οἰκίαν,
686 1028 738 1061 καὶ
767 1026 966 1061 ὑποκεῖσθαι
991 1027 1141 1071 γραφαῖς
1171 1026 1224 1058 καὶ
1254 1024 1450 1068 ἐνδείξεσιν·
1487 1023 1516 1057 εἷ
1544 1023 1581 1056 δὲ
1609 1023 1663 1056 καὶ
1690 1022 1726 1056 ἐν

212 1100 236 1114 “
256 1093 390 1128 τούτοις
414 1092 496 1140 ἁλῷ,
521 1093 639 1136 ἔνοχον
662 1088 746 1125 εἶναι
774 1092 845 1126 τοῖς
871 1091 986 1125 αὐτοῖς
1008 1087 1132 1133 οἷσπερ
1152 1089 1183 1121 οἱ
1206 1088 1406 1130 δικάζοντες,
1427 1086 1507 1120 ὅταν
1525 1085 1754 1131 ὀφείλοντες5

213 1164 235 1177 “
256 1160 304 1205 τῷ
322 1157 474 1203 δημοσίῳ
494 1154 688 1198 δικάζωσι.”
727 1157 788 1188 τοῦ
813 1156 916 1198 νόμου
937 1152 996 1187 οὖν
1016 1152 1123 1187 οὕτως
1142 1153 1281 1196 ἔχοντος
1301 1151 1481 1197 ἐγράψατο
1500 1151 1561 1194 μὲν
1580 1151 1620 1184 τὸ
1639 1150 1724 1195 πρό-

211 1236 310 1267 τερον
330 1221 504 1254 Βάθιππος
523 1225 543 1243 Π
557 1219 732 1262 Λεπτίνην,
754 1217 790 1253 ὃς
813 1217 958 1252 ἀπέθανε
983 1218 1063 1262 πρὶν
1088 1216 1257 1250 εἰσελθεῖν
1279 1215 1340 1259 τὴν
1362 1214 1510 1261 γραφήν.
1549 1210 1631 1258 κᾷτα
1657 1214 1724 1247 διε-

211 1286 312 1331 τρίβη
340 1285 473 1329 χρόνος,
503 1285 555 1316 καὶ
586 1282 707 1328 γέγονε
740 1281 903 1324 Λεπτίνης
936 1279 1126 1314 ἀνεύθυνος·
1162 1280 1263 1322 νόμος
1290 1279 1356 1324 γὰρ
1389 1277 1428 1321 ἧν
1456 1278 1516 1311 τὸν
1543 1277 1727 1323 γράψαντα

214 1350 316 1393 νόμον
343 1347 361 1390 ἢ
387 1346 557 1392 ψήφισμα
585 1346 669 1390 μετὰ
697 1345 848 1379 ἐνιαυτὸν
875 1344 919 1387 μὴ
947 1339 1030 1376 εἶναι
1059 1340 1256 1376 ὑπεύθυνον.
1297 1340 1386 1384 ὅμως
1415 1341 1528 1384 ἐπειδὴ
1558 1341 1611 1374 καὶ
1637 1338 1725 1374 οὔτω
1742 1351 1781 1372 10

214 1413 296 1447 κατὰ
323 1414 419 1445 0τῶν
447 1413 556 1454 νόμων
582 1410 660 1454 ἐξῆν
685 1409 858 1443 ποιεῖσθαι
882 1408 942 1442 τὰς
968 1406 1178 1452 κατηγορίας,
1206 1403 1266 1439 κᾶν
1291 1407 1322 1438 οἱ
1347 1405 1544 1451 γράψαντες
1569 1406 1634 1450 ἔξω
1659 1419 1727 1438 κιν-

214 1474 321 1509 δύνων
347 1471 423 1515 ὦσι,
451 1474 534 1518 μετὰ
561 1474 620 1506 τὸν
648 1473 799 1506 ἐνιαυτὸν
825 1471 952 1514 ἐπέστη
977 1470 1162 1514 κατήγορος
1185 1467 1368 1514 Ἀφεψίων
1393 1470 1465 1503 υἱὸς
1491 1468 1678 1509 Βαθίππου,
1702 1464 1730 1515 ᾧ

216 1540 396 1584 συνηγόρει
421 1538 576 1583 Φορμίων
602 1538 619 1569 ὁ
642 1536 766 1582 ῥήτωρ,
792 1536 845 1569 καὶ
870 1534 1070 1578 Κτήσιππος
1094 1535 1111 1567 ὁ
1137 1534 1208 1568 υἱὸς
1226 1532 1390 1578 Χαβρίου,
1411 1530 1436 1579 ᾧ
1457 1534 1637 1578 συνηγόρει
1657 1537 1724 1576 Δη-
1743 1543 1778 1574 15

213 1601 394 1645 μοσθένης.
434 1600 563 1634 τούτων
587 1598 645 1633 οὖν
668 1601 860 1645 κατηγόρων
883 1598 1094 1632 ἐπιστάντων
1119 1598 1202 1630 κατὰ
1226 1599 1287 1630 τοῦ
1314 1597 1417 1640 νόμου
1442 1594 1640 1639 πεποίηνται
1665 1597 1727 1639 τὴν

213 1664 360 1710 γραφήν.
399 1664 417 1707 ἡ
443 1664 478 1697 δέ
506 1663 628 1698 στάσις
652 1662 864 1708 πραγματικὴ
887 1663 1073 1708 ἔγγραφος.
1113 1661 1282 1706 κεφάλαια
1301 1661 1337 1695 δὲ
1361 1662 1423 1694 τοῦ
1445 1661 1553 1706 λόγου
1572 1661 1612 1695 τὸ
1632 1661 1726 1704 νόμι-

213 1742 287 1771 μον,
307 1728 346 1761 τὸ
367 1728 557 1772 συμφέρον,
579 1727 618 1759 τὸ
638 1726 775 1760 δίκαιον.

267 1789 465 1836 Ἀναγκαῖον
490 1791 526 1824 δὲ
553 1790 656 1824 εἰπεῖν
680 1790 740 1825 τὰς
765 1789 992 1835 δικαιολογίας
1017 1788 1192 1835 ἑκατέρων.
1232 1789 1285 1822 καὶ
1310 1789 1328 1822 ὁ
1353 1789 1414 1832 μὲν
1436 1786 1601 1832 Λεπτίνης
1627 1789 1726 1833 ἶσχυ-
1739 1799 1782 1822 20

214 1855 339 1900 ρίζεται
358 1856 405 1901 τῷ
424 1854 636 1899 συμφέροντι
656 1853 710 1887 διὰ
728 1853 768 1886 τὸ
787 1855 973 1898 περιποιεῖν
992 1853 1223 1898 λειτουργοὺς,
1245 1854 1297 1886 καὶ
1321 1852 1373 1886 ὅτι
1392 1851 1600 1898 ἀσύμφορον
1620 1858 1640 1886 Ρ
1652 1852 1728 1896 ὑμῖν

215 1919 353 1964 γίνεται,
381 1919 437 1952 ἐὰν
465 1920 496 1951 οἱ
523 1919 663 1961 πένητες
695 1919 791 1961 μόνοι
819 1919 1077 1962 λειτουργῶσιν·
1112 1916 1328 1962 ἀπορήσουσι
1355 1917 1419 1962 γὰρ
1448 1919 1495 1963 τῷ
1521 1918 1646 1964 χρόνῳ,
1676 1917 1730 1950 καὶ

217 1981 280 2025 οὐχ
304 1981 395 2025 ἕξετε
420 1981 498 2015 τοὺς
523 1983 814 2026 λειτουργοῦντας·
844 1980 935 2013 ἀλλὰ
960 1981 1012 2013 καὶ
1040 1982 1088 2026 τῷ
1115 1980 1241 2026 δικαίῳ,
1263 1979 1315 2013 ὅτι
1335 1980 1444 2013 δεινόν
1467 1980 1543 2013 ε’στι
1565 1980 1644 2014 τοὺς
1665 1980 1728 2023 μὲν
1740 1986 1779 2018 25

216 2044 320 2079 ἀδεῶς
338 2046 511 2084 πλουτεῖν,
531 2044 609 2078 τοὺς
635 2044 671 2077 δέ
697 2045 979 2089 λειτουργοῦντας
1004 2043 1055 2077 ἀεὶ
1080 2043 1254 2077 πένεσθαι.
1293 2045 1311 2077 ὁ
1332 2044 1368 2077 δέ
1387 2043 1572 2090 κατήγορος
1592 2043 1726 2089 ἰσχυρί-

219 2109 306 2149 ζεται
339 2109 385 2154 τῷ
415 2107 543 2153 νομίμῳ
576 2107 628 2140 καὶ
661 2109 708 2153 τῷ
740 2107 854 2154 δικαίῳ
887 2108 940 2140 καὶ
973 2110 1019 2154 τῷ
1051 2107 1275 2152 συμφέροντι.
1326 2109 1379 2141 καὶ
1411 2109 1487 2141 ἔστι
1519 2109 1558 2141 τὸ
1588 2110 1826 2156 νόμιμον454

218 2170 372 2211 διπλοῦν,
392 2170 470 2215 περί
488 2185 524 2203 τε
543 2172 582 2203 τὸ
602 2172 788 2215 πρόσωπον
807 2171 860 2203 καὶ
878 2171 917 2204 τὸ
937 2173 1086 2216 πρᾶγμα.
1126 2171 1178 2204 καὶ
1203 2171 1279 2215 περὶ
1305 2171 1366 2215 μὲν
1388 2172 1427 2204 τὸ
1449 2173 1646 2216 πρόσωπον,
1667 2170 1730 2216 ἀφ’

218 2230 263 2266 ὧν
282 2233 384 2266 αὐτὸν
402 2233 504 2278 ἐχρῆν
522 2234 674 2276 ποιῆσαι,
696 2233 755 2266 οὐκ
775 2233 924 2276 ἐποίησε·
955 2233 1086 2278 παρέβη
1105 2234 1171 2278 γὰρ
1190 2234 1250 2266 τὸν
1269 2233 1408 2276 θεσμόν.
1447 2233 1575 2277 θεσμὸς
1594 2233 1633 2267 δέ
1653 2234 1730 2267 ἐστι

218 2298 318 2341 νόμος
343 2299 650 2341 παρακελευόμενος
672 2300 743 2331 πῶς
769 2297 820 2330 δεῖ
845 2297 1048 2338 νομοθετεῖν.
1088 2298 1154 2330 ἔδει
1179 2297 1246 2342 γὰρ
1269 2297 1370 2330 αὐτὸν
1392 2297 1575 2341 γράψαντα
1601 2297 1756 2336 τιθέναι5

217 2362 410 2406 ἔμπροσθεν
425 2363 491 2394 τῶν
512 2359 692 2404 ἐπωνύμων
708 2362 761 2394 καὶ
780 2361 815 2394 ἐν
834 2360 1030 2404 νομοθέταις
1049 2364 1209 2406 κυρῶσαι.
1242 2362 1370 2393 (ἐτοῦτο
1390 2361 1449 2393 οὐκ
1468 2360 1620 2402 ἐποίησε.
1649 2361 1728 2406 περὶ

217 2425 253 2458 δὲ
274 2425 312 2458 τὸ
331 2426 481 2469 πρᾶγμα,
502 2424 553 2457 ὅτι
576 2425 706 2468 παρέβη
727 2425 745 2457 ὁ
769 2426 870 2468 νόμος
895 2424 994 2459 οὗτος
1018 2425 1163 2457 παλαιὸν
1192 2425 1295 2467 νόμον
1319 2424 1378 2457 τὸν
1406 2425 1551 2469 λέγοντα
1579 2424 1640 2459 τὰς
1664 2428 1726 2459 τοῦ

216 2486 323 2531 δῆμου
343 2487 468 2532 δωρεὰς
487 2483 569 2520 εἶναι
592 2486 743 2528 βεβαίας·
774 2487 970 2522 ὑπεναντίος
991 2486 1050 2521 οὖν
1069 2490 1136 2521 τῶν
1159 2489 1268 2531 νόμων
1288 2486 1386 2522 οὗτός
1405 2488 1512 2528 ἐστιν,
1534 2487 1586 2521 ὅτι
1608 2489 1722 2522 κελευ-
1741 2499 1779 2521 10

216 2552 321 2584 όντων
346 2550 487 2593 ἐκείνων,
514 2550 598 2586 ὅσας
626 2552 644 2583 ὁ
669 2551 772 2594 δῆμος
798 2550 920 2584 δέδωκε
950 2551 1088 2596 δωρεὰς,
1117 2549 1230 2596 κυρίας
1259 2547 1353 2590 εἶναι,
1380 2549 1477 2586 οὗτος
1503 2550 1726 2596 ἀφαιρεῖσθαι

435 2612 439 2616 ,
463 2597 480 2614 0

271 2703 290 2730 k
311 2707 469 2740 Alterum
489 2713 735 2752 argumentum
755 2708 923 2742 omittunt
943 2708 1079 2742 codices
1101 2707 1252 2742 Bekkeri
1271 2719 1404 2741 omnes.
1553 2705 1563 2732 ¹
1583 2708 1727 2753 γράφων

216 2759 396 2804 Taylorus.
425 2761 572 2804 γράφειν
590 2761 707 2805 vulgo.
796 2766 825 2785 ¹¹¹
845 2761 1148 2806 λειτουργήσαντες
1168 2761 1216 2794 H.
1230 2761 1389 2794 WVolfins.
1420 2760 1725 2806 λειτουργήσαντες

215 2812 330 2855 vulgo.
412 2818 431 2836 n
452 2813 615 2856 Λεπτίνην
636 2814 682 2846 11.
696 2814 854 2847 Wolfius.
886 2814 1031 2856 Λεπτίνῃ
1052 2814 1170 2858 vulgo.
1253 2818 1272 2838 0
1291 2817 1358 2847 τῶν
1377 2814 1486 2856 νόμων
1507 2814 1609 2847 Bodl.
1632 2813 1725 2858 apud

215 2864 414 2908 Taylorum.
446 2866 505 2898 τὸν
525 2868 625 2910 νόμον
645 2867 760 2911 vulgo.
858 2872 875 2899 P
899 2866 990 2911 ὑμῖν]
1017 2867 1216 2911 Legebatur
1235 2866 1322 2910 ἡμῖν.
1358 2866 1563 2901 Con-ectum
1583 2878 1626 2900 ex
1646 2866 1723 2900 cod.

218 2916 366 2950 Yindob.
385 2917 534 2963 Taylori.
645 2927 662 2954 (Ι
685 2918 802 2964 τοῦτο]
827 2921 928 2953 τοῦτο
948 2918 977 2952 δ’
999 2919 1048 2953 H.
1064 2920 1223 2953 WVolfius.
