1954 3273
255 189 339 231 712
794 193 1220 231 ΔΗΜΟΣΘΕΝΟΎΣ
1299 190 1382 230 on.
1403 188 1599 230 XXIII.
1622 173 1663 245 p.
1683 189 1779 242 678,
1794 205 1894 230 ‘2⁵—
1952 179 1954 226 ἐ

253 300 338 355 τὰς
371 301 560 368 πρώτας
596 299 837 367 συνθήκας
869 301 1027 366 ἦλθεν,
1060 300 1159 352 εἶτα
1190 301 1277 367 τὴν
1311 302 1442 369 παρὰ
1477 300 1762 369 Βηρισάδου·
1782 327 1820 358 25

254 384 470 448 μάλιστα
494 385 588 453 γὰρ
614 387 735 438 οὕτω
759 387 1009 452 γνώσεσθε
1035 384 1376 449 διδασκόμενοι.

836 486 859 507 ¹¹
876 482 1197 524 ΕΠΙΣΤΟΛΗ.

160 561 240 601 208
329 553 480 620 ΧΛέγε
505 557 579 605 καὶ
605 553 691 618 τὴν
715 552 974 617 ἐπιστολὴν
998 552 1111 618 Ῡτὴν
1135 559 1218 605 τοῦ
1245 553 1529 621 Βηρισάδου.

833 655 850 675 2
866 648 1187 695 ΕΠΙΣΤΟΛΗ.
1780 653 1864 705 679

324 726 390 775 Ἡ
422 725 507 787 μὲν
541 725 696 775 τοίνυν
729 724 977 790 συμμαχία
1010 729 1141 774 ειτοῖν
1177 726 1303 776 δυοῖν
1338 730 1504 775 τοῦτον
1537 721 1619 775 τὸν
1651 722 1760 790 τρό-

249 830 342 859 πον
378 806 496 871 μετὰ
530 806 617 872 τὴν
653 806 980 874 παράκρουσιν
1016 805 1102 871 τὴν
1137 807 1212 858 διὰ
1248 813 1342 858 τῶν
1378 807 1497 875 πρὸς
1535 807 1762 877 Κηφισό-

250 894 388 942 δοτον
425 895 677 955 συνθηκῶν
719 889 1005 955 συνεστάθη,
1045 890 1134 955 ἤδη
1173 891 1480 942 Μιλτοκύθου
1523 890 1608 955 μὲν
1645 893 1794 959 ἄνη-5

247 976 463 1042 ρημένου,
507 974 786 1041 Χαριδήμου
831 975 869 1026 δ’
917 975 1039 1044 ἔργῳ
1083 978 1288 1043 φανεροῦ
1337 974 1644 1041 γεγενημένου
1695 975 1766 1026 ὅτι

155 1080 235 1122 209
248 1063 331 1122 τῆς
374 1058 559 1113 πόλεως
602 1057 769 1126 ἐχθρός
809 1060 955 1110 ἐστιν.
1016 1057 1066 1113 ὃς
1102 1058 1196 1125 γὰρ
1235 1057 1288 1109 δν
1331 1058 1429 1127 ᾔδει
1471 1058 1546 1110 διὰ
1589 1059 1766 1113 παντὸς

246 1148 331 1194 τοῦ
365 1141 537 1210 χρόνου
573 1141 766 1193 πάντων
803 1146 898 1193 τῶν
933 1145 1139 1211 Θρᾳκῶν
1173 1143 1485 1194 εὐνούστατον
1516 1142 1614 1194 ὄνθ’
1643 1144 1764 1206 ὑμῖν,

442 1224 461 1252 b

245 1232 412 1277 τοῦτον
472 1226 736 1293 ὑποχείριον
770 1225 947 1295 ἠξίωσε
984 1224 1151 1287 λαβὼν
1184 1231 1280 1280 τοῖς
1315 1226 1547 1293 ὑμετέροις
1581 1229 1765 1294 ἐχθροῖς·

248 1313 528 1376 Καρδιανοῖς
567 1310 869 1376 οἐγχειρίσαι,
906 1313 1008 1363 πῶς
1046 1310 1100 1360 οὐ
1137 1309 1350 1375 μεγάλης
1387 1310 1558 1377 ε”χθρας
1595 1313 1762 1375 δεῖγμα
1778 1335 1817 1356 10

242 1393 359 1460 πρὸς
406 1395 524 1456 ὑμᾶς
568 1393 822 1462 ἐξέφερεν;
879 1390 933 1447 ἃς
972 1391 1065 1457 ᾱδὴ
1104 1392 1186 1444 τὸν
1223 1393 1436 1457 πόλεμον
1479 1392 1636 1447 δεδιὼς
1679 1391 1763 1444 τὸν

243 1477 362 1544 πρὸς
386 1476 493 1531 τοὺς
521 1480 716 1546 Θρᾷκας
745 1479 820 1529 καὶ
851 1476 969 1544 πρὸς
999 1478 1328 1543 Ἀθηνόδωρον
1358 1477 1614 1543 ἐποιήσατο
1647 1501 1763 1530 συν-

246 1561 390 1626 θήκας
416 1560 557 1625 ὃμετδι
581 1567 728 1612 ταῦτα
753 1562 778 1612 ὁ
806 1561 1197 1628 Κερσοβλέπτης,
1223 1561 1349 1627 λε’γε.

845 1661 1166 1703 ΣΤΝΘΗΚΑΙ.

150 1752 233 1780 210
318 1731 506 1785 ‘Tafira
538 1735 694 1786 τοίνυν
726 1733 922 1802 γράψας
956 1735 1031 1784 καὶ
1067 1733 1362 1797 συνθέμενος,
1394 1735 1470 1784 καὶ
1504 1733 1587 1785 τὸν
1621 1733 1760 1801 ὅρκον
1774 1757 1812 1789 ¹5

244 1816 299 1868 ὃν
323 1819 482 1881 ἕὺμεΐς
516 1816 749 1882 ἠκούσατε
784 1816 980 1880 ὀμόσας,
1012 1817 1167 1882 ἐπειδὴ
1201 1816 1288 1879 τὴν
1321 1816 1406 1881 μὲν
1433 1818 1762 1884 Ἀθηνοδώρου

242 1901 438 1966 δύναμιν
464 1901 763 1971 διαφειμένην
793 1900 897 1963 εἶδε,
927 1905 1012 1970 μιᾷ
1046 1901 1094 1953 δὲ
1125 1900 1298 1966 ιιμόνον
1332 1901 1506 1969 τριήρει
1537 1903 1761 1969 Χαβρίαν

242 1987 429 2051 ἥκοντα,
479 1988 584 2037 οὔτε
633 1984 717 2037 τὸν
761 1985 974 2055 Ἰφιάδου
1022 1986 1289 2052 παρέδωκεν
1331 1984 1455 2037 ὶυὶὸν
1504 1987 1612 2049 ὑμῖν
1661 1987 1758 2037 οὔτ’

242 2071 355 2122 ἄλλ’
397 2070 528 2122 οὐδὲν
571 2068 636 2121 ὧν
679 2067 867 2134 ὤμοσεν
910 2070 1142 2135 ἐποίησεν,
1185 2068 1316 2120 ἀλλὰ
1358 2068 1378 2095 k
1395 2071 1471 2120 καὶ
1514 2071 1620 2135 περὶ
1662 2074 1757 2121 τῶν
1770 2095 1812 2118 20

242 2154 409 2205 ἄλλων
450 2158 545 2204 τῶν
582 2152 946 2220 ιγεγραμμένων
985 2155 1081 2220 Ῥέν
1121 2158 1223 2207 ταῖς
1265 2151 1521 2217 συνθήκαις
1565 2152 1758 2222 ἔξαρνος

297 2304 317 2324 1¹
338 2297 814 2343 ΕΠΙΣΤΟΛΗ--Βηρισάδου
832 2309 904 2333 om.
921 2310 1015 2332 r.s.v.
1081 2305 1098 2324 Χ
1120 2298 1453 2343 Λέγε-Βηρισάδου
1473 2309 1542 2332 om.
1559 2298 1601 2331 A.
1657 2303 1677 2331 y
1695 2297 1757 2342 τὴν

241 2351 319 2397 τοῦ]
340 2351 400 2394 τὴν
418 2352 509 2395 παρὰ
527 2353 587 2385 τοῦ
608 2351 684 2386 F.v.
823 2357 840 2375 Ζ
863 2356 1090 2385 ΕΠΙΣΤΟΛΗ
1111 2363 1180 2385 om.
1201 2351 1374 2386 A.Y.O.k.
1510 2356 1529 2376 8
1547 2352 1620 2384 τοῖν
1639 2350 1750 2397 δυοῖν]

243 2405 442 2451 Legebatur
462 2406 535 2438 τοῖν
552 2403 732 2445 βασιλέοιν
750 2406 823 2437 τοῖν
842 2405 946 2445 δυοῖν,
967 2416 1029 2449 pro
1045 2416 1115 2450 quo
1133 2406 1206 2438 τοῖν
1221 2405 1315 2438 δυοῖν
1329 2405 1510 2445 βασιλέοιν
1529 2405 1697 2449 scriptum
1717 2404 1755 2438 in

243 2458 336 2500 F.v.,
357 2459 427 2492 τοῖς
446 2459 634 2498 βασιλεῦσι
656 2459 729 2491 τοῖν
748 2458 841 2491 δυοῖν
860 2457 896 2491 in
918 2457 1049 2492 S.Y.O.
1098 2457 1187 2496 Quae
1214 2469 1256 2492 ex
1283 2457 1426 2491 diversis
1453 2458 1647 2502 composita
1672 2462 1756 2492 sunt

242 2511 461 2557 glossematis
481 2510 615 2546 formis.
659 2511 751 2544 Nam
771 2522 880 2555 quum
900 2511 1158 2545 Demosthenes
1180 2512 1253 2544 τοῖν
1272 2511 1366 2544 δυοῖν
1389 2511 1592 2556 simpliciter
1611 2510 1756 2545 dixisset

242 2570 282 2599 ut
300 2564 391 2598 infra
409 2576 443 2610 p.
459 2562 548 2604 680,
569 2575 641 2604 22„
663 2564 720 2597 alii
740 2565 810 2598 τοῖς
829 2566 1028 2606 βασιλεῦσι,
1050 2564 1107 2598 alii
1133 2564 1249 2609 aptius
1265 2566 1338 2598 τοῖν
1358 2566 1540 2604 βασιλέοιν
1562 2564 1755 2609 adscripse-

241 2623 335 2652 runt.
385 2617 492 2651 Plene
519 2617 549 2650 οἱ
575 2615 636 2650 δύο
661 2620 728 2651 τῶν
753 2618 929 2656 βασιλέων
949 2629 983 2663 p.
1006 2617 1096 2659 680,
1118 2616 1176 2651 28.
1214 2617 1300 2652 Τοὺς
1324 2619 1456 2663 Θρᾷκας
1479 2616 1558 2652 τοὺς
1581 2615 1652 2657 δύο,
1674 2617 1756 2652 τοὺς

241 2671 419 2712 βασιλέας,
443 2670 531 2704 dixit
556 2682 589 2716 p.
611 2669 701 2716 683,
724 2680 785 2717 29.
811 2670 870 2704 ubi
898 2671 978 2706 τοὺς
1002 2671 1170 2711 βασιλέας
1198 2671 1418 2715 glossematis
1447 2669 1598 2715 speeiem
1625 2670 1754 2704 habere

240 2724 422 2758 videbatur
442 2723 604 2758 Dobraeo.
772 2719 790 2747 b
811 2723 1007 2768 ὑποχείριον
1025 2722 1167 2769 ἠξίωσε]
1192 2721 1338 2767 ἠξίωσεν
1357 2723 1552 2768 ὑποχείριον
1571 2723 1751 2758 A.k.r.s.v.

240 2783 257 2802 ⁰
276 2775 483 2823 ἐγχειρίσαι]
508 2776 703 2821 ἐγχειρῆσαι
724 2776 759 2810 S.
781 2782 816 2810 et
835 2788 887 2821 pr.
905 2777 983 2810 Y.v.
1079 2773 1097 2801 d
1117 2777 1174 2823 δὴ]
1199 2777 1235 2811 δὲ
1255 2777 1439 2811 A.k.r.s.v.
1541 2781 1557 2800 θ
1576 2777 1678 2824 μετὰ]
1701 2776 1754 2810 καὶ

239 2833 325 2874 μετὰ
346 2831 419 2865 F.v.
515 2827 530 2854 f
546 2832 657 2863 Ταῦτα
676 2829 824 2864 codices.
855 2831 873 2863 ὁ
891 2831 996 2864 ταῦτα
1014 2830 1132 2876 vulgo.
1225 2835 1246 2863 g
1265 2829 1358 2871 ὑμεῖς
1377 2828 1559 2875 ἠκούσατε]
1586 2827 1753 2873 ἠκούσατε

241 2884 333 2927 ὑμεῖς
354 2884 498 2918 A.k.r.8.
607 2879 625 2907 h
645 2882 765 2928 μόνον]
789 2884 872 2926 μόνη
894 2883 998 2918 F.r.v.
1100 2880 1111 2907 i
1130 2883 1202 2917 υἱὸν
1223 2883 1315 2930 ὑμῖν]
1339 2883 1411 2916 υἱὸν
1429 2882 1506 2926 ἡμῖν
1526 2882 1643 2917 F.S.v.
1675 2882 1754 2926 ἡμῖν

239 2938 312 2971 υἱὸν
331 2937 424 2972 Y.O.
536 2933 555 2962 k
577 2937 630 2970 καὶ
648 2947 717 2970 Οῐη.
734 2935 778 2970 Ο.
903 2933 911 2960 ¹
931 2936 1186 2982 γεγραμμένων]
1211 2936 1490 2981 ἐγγεγραμμένων
1509 2948 1536 2969 s.
1646 2941 1676 2960 m
1695 2934 1748 2981 ἐν]

239 2992 306 3023 τῶν
325 2990 359 3023 ἐν
379 2991 414 3024 k.
