1954 3273
0 175 144 225 -464,
164 191 215 214 αι.
634 178 776 215 ΠΡΟΣ
809 177 1113 214 ΛΕΠΤΙΝΗΝ.
1542 175 1624 217 497

111 309 194 337 τον
231 286 289 351 ἦν
326 292 387 341 εἷς
425 288 699 339 συντέλειαν
737 289 932 352 ἀγαγεῖν
964 285 1049 339 τὰς
1083 286 1307 352 χορηγίας
1342 282 1504 349 ὥσπερ
1539 284 1674 337 τὰςῑε

111 371 423 437 τριηραρχίας,
468 369 497 434 ἦ
538 369 646 423 τοὺς
692 369 932 435 εὐεργέτας
984 367 1249 437 ἀφελέσθαι
1294 365 1353 417 τὰ
1397 366 1620 427 δοθέντας

109 452 200 518 ἐγὼ
225 452 309 516 μὲν
333 455 476 504 ἐκεῖνο
502 452 642 516 οἶμαι.
702 459 783 504 νῦν
808 452 894 516 μέν
920 475 974 517 γε
1001 449 1083 502 τὸν
1109 449 1293 517 χρόνον,
1320 449 1373 500 ὃν
1399 448 1484 499 cliv
1509 449 1619 499 τού-

110 558 205 586 των
231 537 429 591 ἕκαστος
456 541 720 602 λειτουργῇ,
749 537 915 586 δίδωσι
945 534 1031 598 τὴν
1057 534 1325 584 ἀνάπαυσιν
1350 533 1505 586 αὐτοῖς
1530 531 1620 595 μό-

113 641 205 682 νον,
244 619 362 683 μετὰ
395 626 542 671 ταῦτα
581 620 629 670 δὲ
663 618 795 670 οὐδὲν
832 619 1029 669 ἔλαττον
1062 618 1260 671 ἕκαστος
1305 617 1456 667 αὐτῶν
1496 615 1624 666 ῑάνα-

112 702 275 753 λώσει·
317 702 422 755 τότε
456 706 495 753 δ’
522 702 580 754 ἂν
613 707 779 769 μικρᾶς
818 703 1091 754 συντελείας
1129 699 1222 752 ἀπὸ
1259 705 1353 751 τῶν
1391 699 1625 767 ὑπαρχόν·
1636 700 1722 751 464

111 808 207 836 των
237 785 423 855 ἑκάστῳ
461 786 737 852 γιγνομένης
769 785 899 837 οὐδὲν
938 786 1120 852 ἔπασχε
1160 784 1308 835 δεινὸν
1342 785 1500 846 οὐδεὶς,
1528 785 1622 834 οὐδ’

112 873 150 919 εἱ
175 869 299 920 πάνυ
324 868 467 936 μικρὰ
492 870 766 934 κεκτημένος
791 869 862 934 ἧν.

45 967 98 1004 26
187 954 330 1003 Οὕτω
356 955 511 1004 τοίνυν
536 953 668 1015 τινὲς,
695 951 731 1003 ὦ
757 953 920 1020 ἄνδρες
945 954 1202 1018 Ἀθηναῖοι,
1229 951 1405 1020 σφόδρ’
1434 952 1624 1019 ἔχουσιν

111 1035 396 1099 ἀλογίστως,
423 1034 540 1086 ὥστ’
569 1037 854 1103 ἐπιχειροῦσι
881 1036 1036 1101 λέγειν
1060 1035 1179 1101 πρὸς
1212 1035 1296 1098 μὲν
1321 1036 1447 1086 ταῦτ’
1477 1034 1653 1097 οὐδὲν,5

110 1117 241 1168 ἄλλα
285 1118 334 1168 δὲ
373 1121 572 1182 ἕτοιαδῖ,
611 1121 673 1172 ὡς
712 1118 803 1184 ἄρα
835 1118 996 1180 δεινὸν,
1032 1123 1069 1169 εἰ
1105 1121 1152 1169 ἐν
1188 1123 1325 1187 κοινῷ
1364 1118 1449 1181 μὲν
1480 1117 1620 1181 ὴμηδ’

109 1201 264 1251 ὁτιοῦν
301 1200 526 1268 ἰὑπάρχει
566 1205 625 1267 τῇ
662 1200 812 1263 πόλει,
853 1201 945 1269 ἰδίᾳ
983 1201 1038 1251 δέ
1072 1223 1191 1254 τινες
1229 1200 1625 1264 ιζπλουτήσουσιν

111 1285 321 1339 ἀτελείας
370 1285 712 1348 ἐπειλημμένοι.
767 1284 870 1335 ε”στι
921 1284 968 1334 δὲ
1018 1286 1142 1335 ταῦτ’
1195 1283 1472 1352 1ἀμφότερα
1523 1284 1625 1351 οὐχὶ

109 1369 286 1418 δίκαιον
317 1368 489 1433 λέγειν.
551 1371 588 1418 εὶ
621 1367 706 1431 μὲν
733 1366 826 1434 γάρ
859 1391 928 1421 τις
955 1368 1092 1435 ῐῃἔχει
1131 1368 1297 1419 πολλὰ
1329 1366 1474 1431 μηδὲν
1508 1368 1624 1429 ὑμᾶς
1642 1389 1679 1410 10

109 1454 295 1515 ἀδικῶν,
338 1454 440 1520 οὐχὶ
479 1455 550 1503 δεῖ
589 1452 739 1516 δήπου
779 1452 957 1521 1“του’τ(ρ
1001 1453 1294 1512 βασκαίνειν·
1337 1456 1373 1502 εἰ
1411 1452 1450 1500 δ’
1496 1452 1619 1519 ὑφῃ-

697 1535 720 1553 'l

109 1537 310 1602 ρημένον
361 1536 604 1603 φήσουσιν
649 1543 713 1599 οη
757 1543 898 1585 Ι)τινα
948 1535 1103 1585 ἄλλον
1153 1536 1240 1603 οὐχ
1293 1534 1345 1585 ὃν
1394 1534 1624 1601 προσήκει

109 1620 326 1684 Ἷτρόπον,
353 1622 443 1670 εἶσὶ
470 1619 602 1682 νόμοι
628 1620 728 1670 καθ’
759 1618 837 1672 οὓς
875 1618 1103 1685 προσήκει
1143 1618 1369 1684 κολάζειν.
1429 1626 1444 1644 r
1463 1618 1539 1669 ὅτε
1574 1616 1623 1668 δὲ

108 1708 247 1753 τοῦτο
273 1702 337 1766 μὴ
362 1709 591 1765 ποιοῦσιν,
616 1702 719 1754 οὐδὲ
744 1701 827 1753 τὸν
853 1701 1001 1767 λόγον
1027 1704 1181 1756 αὐτοῖς
1207 1708 1392 1753 8τοῦτον
1419 1702 1620 1753 λεκτέον.

47 1818 95 1860 27
109 1789 185 1837 καὶ
223 1785 317 1850 μὴν
354 1789 459 1852 περὶ
496 1792 578 1836 τοῦ
620 1808 675 1851 γε
714 1784 779 1850 μὴ
811 1784 925 1836 εἶναι
964 1785 1183 1853 χρήματα
1225 1785 1354 1836 κοινοὶ
1392 1791 1449 1853 τῇ
1483 1784 1622 1837 πόλει
1642 1806 1674 1837 ¹5

107 1872 239 1921 ἐκεῖν’
283 1872 400 1933 ὑμᾶς
440 1873 512 1920 δεῖ
552 1875 760 1932 σκοπεῖν,
806 1869 876 1920 ὅτι
921 1870 1052 1920 οὐδὲν
1094 1870 1255 1921 ἔσεσθ’
1303 1870 1621 1936 εὐπορώτεροι,

109 1954 223 2007 ἰτόις
249 1955 458 2007 ἀτελείας
497 1953 577 2003 ἐὰν
602 1953 867 2021 ἀφέλησθε·
909 1954 961 2004 οὐ
986 1953 1080 2019 γὰρ
1119 1958 1329 2004 κοινωνεῖ
1361 1959 1461 2007 ταῖς
1495 1957 1619 2017 ¹¹5⁷]-

108 2039 297 2101 μοσίαις
340 2036 595 2104 προσόδοις
642 2039 716 2087 καὶ
760 2038 1048 2102 περιουσίαις
1092 2043 1275 2087 Χταῦτα
1318 2037 1619 2100 τάναλώματ’

46 2140 96 2179 28
109 2122 252 2173 οὐδέν.
300 2123 441 2190 χωρὶς
480 2120 527 2171 δὲ
568 2120 745 2171 τούτων
787 2124 884 2171 νυνὶ
924 2125 982 2188 τῇ
1023 2119 1174 2182 πόλει,
1219 2124 1381 2170 Υδυοῖν
1425 2123 1621 2185 ἀγαθοῖν
1636 2142 1676 2164 20

926 2204 940 2220 X
1012 2203 1079 2254 bd!

109 2206 308 2269 ²‹'›'v†ow‚
344 2205 585 2257 a72·>x01)'·1·ov
625 2207 699 2255 καὶ
737 2211 820 2255 τοῦ
855 2228 972 2271 προς
1080 2227 1261 2257 παντας
1295 2204 1620 2266 πιστεύεσθαι,

164 2375 179 2393 θ
200 2367 240 2403 ἂν
260 2381 365 2414 supra
383 2380 522 2403 versum
542 2368 582 2401 F.
661 2363 676 2391 f
691 2365 878 2412 ἀναλώσει]
902 2365 1093 2400 ἀναλώσειν
1111 2365 1236 2401 Y.O.S.
1324 2371 1338 2394 g
1358 2365 1483 2412 τοιαδὶ]
1509 2366 1621 2400 τοιάδε

462 2432 497 2449 ov

109 2465 189 2499 A.k.
299 2461 320 2488 h
339 2463 432 2509 μηδ’]
455 2462 530 2508 μηδ’
553 2464 594 2499 F.
705 2458 716 2486 i
737 2462 898 2508 ὑπάρχει]
921 2462 1086 2508 ὑπάρχειν
1105 2474 1132 2496 r.
1163 2428 1304 2507 ὑπάρξει
1324 2462 1364 2496 F.
1396 2461 1538 2507 ὑπάρξει
1557 2467 1619 2497 t.V.

111 2515 130 2542 k
150 2517 426 2564 πλουτήσουσιν]
452 2516 702 2551 πλουτίσουσιν
720 2528 748 2549 r.
911 2513 920 2540 Ῑ
940 2515 1118 2560 ἀμφότερα
1139 2515 1300 2549 S.Y.O.S.
1350 2515 1548 2560 Legebatur
1567 2514 1622 2558 ἅμ’

109 2571 298 2617 ἀμφότερα.
374 2576 405 2595 ¹¹²
425 2571 512 2616 ἔχει]
537 2571 610 2615 ἕχοι
630 2570 666 2603 k.
743 2574 763 2592 ¹¹
783 2568 909 2616 τούτῳ]
933 2571 1035 2602 τοῦτο
1056 2568 1092 2602 S.
1179 2573 1196 2593 0
1217 2571 1238 2612 ἤ
1256 2581 1326 2602 om.
1342 2569 1618 2603 A.S.Y.O.r.s.V.

110 2624 164 2657 καί
183 2636 250 2658 rec.
272 2625 306 2658 k.
390 2631 408 2660 Ρ
428 2639 502 2658 τινα
522 2635 590 2657 om.
612 2624 646 2656 k.
734 2630 753 2658 ‘l
773 2622 918 2668 τρόπον]
943 2623 1070 2668 τρόπον
1089 2622 1269 2665 κεκτῆσθαι
1290 2622 1393 2656 F.t.v.
1479 2629 1492 2648 Γ
1512 2621 1622 2655 ὅτε-

687 2685 724 2704 αν

109 2711 285 2757 ποιοῦσιν]
307 2709 563 2745 ὅτε-ποιῶσιν
582 2711 625 2744 A.
657 2709 914 2744 ὅτε-ποιῶσιν
932 2709 969 2743 k.
1105 2716 1119 2735 S
1139 2708 1277 2754 τοῦτον]
1301 2711 1403 2742 τοῦτο
1423 2721 1480 2741 las.
1503 2719 1572 2742 om.
1595 2713 1621 2741 t.

111 2766 125 2790 t
143 2764 220 2809 τὰς]
243 2765 300 2806 τῆς
318 2769 344 2798 t.
451 2770 469 2789 u
491 2762 686 2810 δημοσίαις]
713 2764 839 2797 Literae
860 2763 984 2806 δημοσι
1004 2762 1040 2796 in
1060 2774 1181 2796 rasura
1200 2763 1354 2807 quinque
1375 2762 1520 2795 aliarum
1540 2766 1622 2794 sunt

111 2817 147 2851 in
169 2818 205 2851 S.
226 2817 373 2850 duarum
393 2816 504 2862 prima
523 2832 547 2850 ω
566 2818 621 2851 vel
640 2831 658 2849 ο
678 2818 733 2851 vel
752 2832 771 2850 α
791 2816 869 2849 fuit.
1019 2820 1035 2836 x
1056 2818 1162 2848 ταῦτα
1180 2814 1409 2860 τάναλώματ’]
1431 2813 1522 2847 ταῦτ’
1543 2813 1621 2846 ἀνα-

112 2869 239 2914 λώματ’
259 2870 301 2903 Α.
376 2876 395 2903 Y
415 2870 523 2915 δυοῖν]
549 2870 639 2903 δυεῖν
659 2871 693 2904 k.
777 2875 794 2894 Ζ
815 2868 927 2902 ὄντοιν
945 2869 1036 2903 inter
1054 2881 1174 2902 versus
1194 2881 1214 2902 a
1232 2881 1278 2902 m.
1297 2868 1440 2913 antiqua
1458 2867 1563 2901 habet
1585 2867 1621 2901 S.

114 2929 134 2948 a
151 2921 304 2957 πλούτου
323 2924 375 2957 καὶ
394 2922 676 2957 A.S.Y.O.k.r.s.
706 2923 859 2957 πλούτου
878 2937 914 2956 τε
935 2923 987 2956 καὶ
1006 2922 1123 2967 vulgo.
1266 2918 1286 2945 b
1305 2919 1469 2967 ἅπαντας]
1492 2918 1623 2953 ἅπαντα

115 2976 155 3011 Y.
175 2982 210 3010 et
229 2989 277 3022 pr.
300 2976 334 3010 S.
366 2975 470 3010 Conf.
492 2988 527 3021 p.
546 2984 635 3023 507,
654 2987 712 3022 14.

839 3052 860 3077 C
886 3050 908 3078 2
