1954 3273
216 152 298 194 770
755 159 1181 196 ΔΗΜΟΣΘΕΝΟΎΣ
1274 155 1350 195 On.
1372 153 1550 194 XXIV.
1574 144 1728 209 p.‘737,
1744 169 1842 194 20—

213 268 421 331 χρῆσθαι
471 271 529 333 τῇ
579 269 710 335 ὀργῇ,
754 269 874 334 μέγα
923 266 1124 334 μεγάλῃ,
1168 266 1346 333 μικρὸν,
1385 270 1543 335 μικρᾷ.
1605 265 1716 317 ὅταν
1731 293 1771 314 20

213 348 307 414 γὰρ
329 347 359 416 ᾗ
385 349 464 401 Υτὸ
501 352 549 401 τί
577 351 668 418 χρὴ
702 357 868 403 παθεῖν
892 350 921 416 ἢ
948 353 1184 413 ἀποτῖσαι,
1211 350 1290 402 Ζτὸ
1324 355 1461 415 τιμᾶν
1495 350 1570 401 ἐπὶ
1605 349 1712 400 τού-

119 442 200 496 136
215 454 310 486 τοις
348 434 567 499 γίγνεται.
611 434 675 485 σὺ
711 435 866 486 τοίνυν
896 434 951 485 τὸ
983 438 1148 485 παθεῖν
1183 435 1395 502 ἀφαιρεῖς
1424 431 1507 484 τὸν
1543 431 1720 497 δεσμὸν

213 516 403 584 Βάφιείς·
443 519 519 568 καὶ
556 523 703 568 ταῦτα
739 519 870 579 τίσι;
913 522 1007 570 τοῖς
1045 517 1280 580 κλέπταις,
1311 522 1406 571 τοῖς
1445 515 1719 584 ἱεροσύλοις,

213 604 308 653 τοῖς
332 601 652 666 πατραλοίαις,
679 606 774 654 τοῖς
799 601 1117 669 ἀνδροφόνοις,
1136 606 1232 655 τοῖς
1257 600 1603 667 ἀστρατεύτοις,
1621 605 1717 653 τοῖς
1731 630 1767 660 25

214 681 233 709 b
248 688 445 734 λιποῦσι
489 683 573 738 τὰς
616 685 785 753 τάξεις·
839 684 1030 739 τούτους
1079 685 1172 751 γὰρ
1221 685 1401 739 πάντας
1442 684 1603 750 σώζεις
1653 688 1720 751 τῷ

213 764 354 835 νόμῳ.
397 768 545 819 καίτοι
576 767 710 822 ὅστις
742 770 791 819 ἐν
821 771 1108 838 δημοκρατίᾳ
1146 773 1412 833 νομοθετῶν
1444 767 1577 832 ομήθ’
1606 767 1720 833 ὑπὲρ

212 855 307 901 τῶν
334 854 467 917 ἱερῶν
497 851 604 916 μήθ’
633 852 747 918 ὑπὲρ
773 853 884 903 ᾱτοῦ
915 853 1063 917 δήμου
1102 857 1351 916 νομοθετεῖ,
1377 853 1487 903 ἀλλ’
1516 851 1629 917 ὑπὲρ
1655 850 1720 901 ὧν

211 931 340 985 εἷπον
376 936 558 1001 ἀρτίως,
583 940 684 990 πῶς
713 937 766 986 οὐ
800 935 972 991 δίκαιός
1009 939 1113 988 ἐστι
1145 940 1228 1001 τῆς
1261 935 1469 1003 ἐσχάτης
1500 936 1720 1001 τιμωρίας

119 1034 195 1079 137
210 1024 400 1086 τυχεῖν;
443 1021 497 1070 οὐ
536 1018 629 1086 γὰρ
673 1018 729 1083 δὴ
768 1021 895 1086 θέρεῖ
927 1042 982 1086 γε
1025 1023 1087 1074 ὡς
1126 1019 1233 1074 τοὺς
1268 1019 1503 1072 τοιούτους
1546 1019 1600 1069 οὐ
1644 1020 1717 1068 καὶ
1733 1025 1813 1079 738

209 1102 459 1170 ῖπροσήκει
497 1107 574 1155 καὶ
618 1109 659 1156 οἱ
701 1104 834 1167 νόμοι
868 1104 1113 1156 κελεύουσι
1152 1108 1252 1158 ταῖς
1291 1105 1536 1169 μεγίσταις
1576 1125 1718 1166 τιμω-

207 1189 326 1254 ρίαις
360 1187 548 1256 ἐνόχους
585 1187 711 1250 εἶναι,
749 1190 842 1240 οὐδ’
871 1191 932 1242 ὡς
966 1190 1106 1252 οὗτοι,
1145 1187 1260 1254 ὑπὲρ
1296 1186 1390 1237 ἕῶν
1424 1186 1599 1252 ὴεῖρηκε
1637 1184 1720 1236 τὸν

208 1271 365 1336 νόμον,
406 1274 460 1324 οὐ
500 1275 576 1324 καὶ
612 1273 811 1323 κλέπται
852 1274 927 1323 καὶ
965 1272 1206 1338 ἱερόσυλοί
1239 1275 1344 1334 εἰσι,
1382 1269 1441 1321 τὰ
1477 1268 1562 1332 μὲν
1605 1268 1718 1335 ἱερὰ,

206 1355 290 1410 τὰς
323 1356 517 1410 δεκάτας
553 1360 636 1420 τῆς
677 1361 783 1407 θεοῦ
828 1358 903 1406 καὶ
936 1354 1019 1409 τὰς
1061 1353 1384 1419 πεντηκοστὰς
1413 1358 1507 1404 τῶν
1551 1352 1744 1406 ἀλλωνὸ

207 1443 338 1502 θεῶν,
364 1441 686 1506 σεσυληκότες
721 1442 795 1490 καὶ
829 1441 931 1490 ἀντὶ
964 1445 1047 1490 τοῦ
1078 1441 1331 1490 ἀποδοῦναι
1357 1438 1487 1488 αὐτοὶ
1520 1436 1717 1503 ἔχοντες,

206 1523 263 1573 τὰ
310 1525 347 1573 δ’
389 1527 512 1586 ὅσια,
562 1523 592 1574 ἃ
631 1525 840 1588 ἐγίγνετο
884 1522 1092 1588 ὑμέτερα,
1145 1520 1443 1590 κεκλοφότες.
1512 1520 1719 1587 διαφέρει

557 1608 575 1635 k

206 1607 254 1658 δὲ
283 1614 531 1659 Ιτοσοῦτον
567 1609 737 1658 ἀὐτῶν
766 1608 793 1670 ἡ
821 1608 1063 1673 ἱεροσυλία
1088 1611 1182 1657 τῶν
1209 1606 1387 1665 ἄλλων,
1408 1605 1479 1655 ὅτι
1506 1603 1608 1668 1τὴν
1633 1606 1717 1670 ἀρ-

112 1706 190 1760 138
204 1690 294 1758 χὴν
326 1691 429 1742 οὐδὲ
464 1692 722 1757 ἀνήνεγκαν
759 1695 820 1744 εἷς
856 1690 939 1754 τὴν
973 1689 1245 1757 ἀκρόπολιν,
1280 1687 1383 1739 δέον
1417 1687 1598 1742 αὐτούς.
1642 1685 1710 1738 οἷ·
1732 1715 1768 1736 ιο

203 1799 288 1838 μαι
314 1775 362 1827 δὲ
389 1776 443 1837 νὴ
467 1774 549 1827 τὸν
575 1777 672 1826 Δία
697 1775 780 1827 τὸν
807 1775 1091 1838 Ὀλύμπιον,
1119 1771 1155 1824 ὦ
1179 1774 1342 1839 ἄνδρες
1376 1774 1608 1835 δικασταὶ,
1636 1773 1718 1824 οὐκ

205 1859 299 1910 ἀπὸ
340 1859 632 1922 ταυτομάτου
670 1860 755 1922 τὴν
800 1862 936 1925 ὕβριν
976 1860 1051 1909 καὶ
1090 1857 1175 1921 τὴν
1220 1857 1542 1925 ὑπερηφανίαν
1581 1857 1719 1906 ἐπελ-

206 1946 302 1992 θεῖν
339 1943 655 2007 Ἀνδροτίωνι,
683 1943 792 1992 ἀλλ’
824 1940 912 1992 ὑπὸ
951 1944 1033 2004 τῆς
1072 1945 1178 1991 θεοῦ
1216 1941 1606 2006 ἐπιπεμφθεῖσαν,
1646 1938 1718 1999 ἵν’,

204 2023 366 2091 ὥσπερ
394 2029 433 2075 οἱ
460 2025 519 2075 τὰ
545 2026 809 2091 ἀκρωτήρια
829 2029 911 2088 τῆς
933 2026 1081 2088 Νίκης
1108 2021 1449 2090 περικόψαντες
1469 2021 1718 2073 ἀπώλοντο

206 2110 334 2159 αὐτοὶ
371 2112 452 2177 ὑφ’
481 2112 646 2171 αὐτῶν,
673 2111 793 2160 οὕτω
829 2111 904 2159 καὶ
930 2116 958 2134 ¹¹¹
981 2108 1105 2158 οὗτοι
1132 2108 1261 2157 αὐτοὶ
1288 2107 1470 2159 ”ab-sois
1495 2112 1513 2131 ⁰
1531 2105 1713 2172 δικαζό-
1735 2132 1741 2151 ι
1751 2131 1767 2161 5

205 2215 332 2254 μενοι
365 2199 383 2226 Ρ
395 2192 662 2253 ἀπόλοιντο,
688 2195 763 2242 καὶ
800 2191 859 2242 τὰ
894 2191 1113 2258 χρήματα
1148 2193 1386 2240 καταθεῖεν
1421 2189 1718 2239 δεκαπλάσια

205 2275 324 2325 κατὰ
350 2274 457 2328 τοὺς
484 2275 651 2338 νόμους
676 2273 704 2338 ἢ
732 2279 915 2326 δεθεῖεν.

112 2367 190 2408 139
281 2358 522 2421 Βούλομαι
557 2359 594 2408 δ’
624 2360 743 2423 ὑμῖν,
772 2357 797 2408 ὃ
827 2357 1006 2425 μεταξὺ
1040 2357 1196 2422 λέγων
1221 2360 1326 2422 περὶ
1351 2355 1530 2407 τούτων
1556 2356 1714 2405 ἐνεθυ-

260 2490 277 2517 y
297 2485 336 2518 τὸ
356 2481 406 2529 τί]
431 2482 482 2516 ὅτι
502 2483 618 2516 F.S.V.
731 2488 747 2506 Ζ
770 2482 808 2515 τὸ
824 2494 894 2516 om.
917 2494 968 2528 pr.
991 2482 1027 2517 S.
1123 2487 1141 2505 a
1161 2479 1290 2526 ἀφιείς]
1314 2480 1426 2524 ἀφίεις
1445 2481 1527 2514 AS.
1626 2477 1642 2500 b
1662 2482 1714 2512 λι-

204 2540 310 2571 ποῦσι
330 2536 600 2571 A.Y.O.k.r.S.v.
631 2536 829 2581 Legebatur
849 2536 1019 2569 λείπουσι.
1132 2540 1148 2559 0
1167 2533 1394 2578 μήθ’-μήθ’]
1417 2531 1624 2577 μηδ’-μηδ’
1646 2533 1713 2566 ks.

205 2587 223 2614 ¹¹
243 2591 321 2636 τοῦ]
346 2594 413 2624 τῶν
431 2592 492 2623 τοῦ
511 2589 625 2623 A.k.s.
781 2594 797 2612 e
827 2589 893 2633 ἐρεῖ
912 2588 968 2634 γε]
1002 2604 1041 2634 γε
1062 2589 1130 2633 ἐρεῖ
1150 2588 1260 2621 A.k.s.
1301 2602 1339 2632 γε
1360 2587 1395 2619 in
1416 2598 1533 2619 rasura
1554 2586 1657 2619 habet
1679 2587 1714 2619 S.

205 2640 219 2667 f
236 2643 418 2689 προσήκει]
442 2642 625 2688 προσήκειν
646 2642 689 2675 Ο.
845 2648 859 2669 b'
881 2638 941 2688 ὧν]
967 2639 1012 2676 ὧν
1031 2641 1130 2676 οὗτος
1149 2640 1392 2674 A.Y.O.k.1·.S.
1550 2636 1567 2662 ¹¹
1589 2637 1713 2683 εἴρηκε]

224 2694 239 2704 0

205 2706 238 2723 ΕΙ]

205 2730 311 2775 εἴρηκε
335 2731 372 2765 F.
403 2729 518 2775 εὕρηκε
536 2730 570 2763 S.
683 2725 691 2751 i
722 2729 905 2774 τοσοῦτον]
930 2728 1106 2762 τοσούτων
1126 2728 1167 2761 Α.
1279 2724 1298 2752 k
1319 2726 1445 2772 αὐτῶν]
1470 2726 1560 2759 αὐτῶ
1580 2737 1623 2766 v„
1645 2737 1716 2758 non

206 2785 260 2824 A„
282 2784 324 2818 (lc
345 2796 414 2829 quo
434 2783 565 2817 fallitur
586 2781 761 2816 Reiskius.
917 2780 926 2806 l
946 2783 1006 2825 τὴν
1025 2781 1132 2826 ἀρχὴν
1151 2779 1245 2825 οὐδὲ]
1269 2780 1346 2813 οὐδὲ
1367 2780 1426 2822 τὴν
1445 2779 1552 2823 ἀρχὴν
1572 2779 1715 2812 A.k.1·.s.

206 2842 234 2860 ¹¹³
256 2835 367 2883 οὗτοι]
393 2837 517 2870 lacuna
536 2848 562 2869 r.
690 2839 708 2857 ¹¹
730 2834 859 2879 αὑτοῖς]
885 2835 920 2868 ἐν
939 2836 1052 2869 αὑτοῖς
1072 2847 1101 2870 r.
1133 2834 1167 2867 ἐν
1186 2835 1315 2868 ἑαυτοῖς
1335 2833 1447 2866 A.k.s.
1584 2837 1602 2856 0
1622 2832 1712 2865 δικα-

204 2890 334 2933 ζόμενοι
356 2890 465 2924 S.Y.l·.
513 2888 710 2934 Legebatm·
730 2888 1004 2930 διιιδικιιζόμενοι.
1137 2894 1154 2922 1¹
1183 2887 1384 2932 ἀπόλοιντο]
1407 2886 1586 2920 ἀπώλοντο
1606 2885 1683 2918 A.k·
