1954 3273
201 189 286 230 568
736 190 1164 228 ΔΗΜΟΣΘΕΝΟὙΣ
1305 188 1387 226 Οιι.
1407 183 1548 225 XXI.
1570 200 1611 240 p.
1624 167 1727 239 *5402
1744 201 1840 226 13—
1913 0 1945 236 y

201 303 305 352 ἐστὶ
357 300 441 363 μὲν
490 297 687 363 παλαιὰ,
747 301 871 364 ὅμως
924 300 978 351 δέ
1020 322 1149 354 τινας
1200 301 1363 362 Ζὺμῶν
1417 297 1717 362 μνημονεύειν

201 384 393 447 θοῖομαι·
445 383 534 447 ὅλη
577 383 670 449 γὰρ
711 384 737 446 ἡ
773 383 912 436 πόλις
957 382 1042 446 τὴν
1086 384 1326 433 ἀντίδοσιν
1368 384 1442 431 καὶ
1483 380 1568 444 τὴν
1611 381 1713 430 ε’πι-

112 484 187 526 103
200 467 383 532 βουλὴν
424 466 529 518 τότε
573 467 747 530 ταύτην
789 469 864 517 καὶ
906 465 993 530 τὴν
1037 467 1292 531 ἀσέλγειαν
1336 464 1525 531 ᾔσθετο.
1586 461 1769 528 κάγῶῐὸ

200 551 305 602 τότε
343 548 649 601 παντάπασιν
683 550 852 615 ἕρημος
883 548 947 599 ὧν
972 550 1048 599 καὶ
1084 549 1182 601 νεός
1217 551 1398 613 κομιδῇ,
1424 547 1499 597 ἵνα
1532 545 1596 610 μὴ
1623 550 1718 596 τῶν

199 633 330 699 παρὰ
359 637 454 685 τοῖς
492 630 757 698 ἐπιτρόποις
793 631 1179 696 ἀποστερηθείην,
1206 632 1293 697 οὐχ
1329 631 1424 681 ὅσα
1459 629 1719 692 Ι’ἐδυνήθην

200 717 613 780 οἀνακομίσασθαι
640 714 949 781 ἀπροσδοκῶν
975 715 1262 782 εἰσπράξειν,
1289 716 1398 764 ἀλλ’
1428 713 1556 764 ὅσων
1583 714 1721 775 ἐμαυ-

199 805 266 869 τῷ
304 798 523 867 συνῄδειν
562 798 941 867 ἀπεστερημένῳ,
983 799 1147 860 δίδωμι
1189 797 1336 847 εἴκοσι
1376 801 1493 859 μνᾶς
1527 796 1719 857 τούτοις,

201 907 319 935 οσου
345 883 430 947 τὴν
455 883 760 950 τριηραρχίαν
786 881 913 946 ἦσαν
938 879 1402 945 μεμισθωκότες.τά
1427 879 1511 942 μὲν
1532 878 1588 942 δὴ
1614 879 1719 929 τότε
1733 898 1774 919 20

112 983 193 1022 104
202 968 500 1033 θὺβρίσματα
533 965 712 1016 τούτων
751 989 813 1019 εις
847 964 924 1027 ἐμὲ
961 966 1087 1015 ταῦτ’
1117 964 1260 1015 ἐστίν.
1306 964 1436 1027 δίκην
1463 962 1557 1013 δὲῑ
1569 962 1720 1013 τούτω

200 1050 366 1118 λαχων
409 1052 607 1116 ὕστερον
650 1052 733 1112 τῆς
778 1049 1097 1114 ἓκακηγοριας
1136 1047 1264 1098 εἶλον
1309 1046 1590 1113 ἐρήμην·οὑ
1630 1069 1723 1112 γαρ

201 1134 427 1199 11ἀπήντα.
471 1133 638 1194 λαβὼν
678 1134 715 1183 δ’
757 1131 1047 1198 ὑπερήμερον
1088 1155 1164 1183 και
1203 1132 1323 1198 ε”χων
1366 1129 1550 1183 οὐδενος
1585 1129 1717 1198 ήψα-

200 1242 294 1282 μην
330 1218 546 1269 1πώποτε
588 1221 682 1268 τῶν
723 1216 903 1279 τούτου,
943 1215 1074 1266 ἀλλὰ
1112 1214 1276 1281 λαχών
1315 1213 1541 1282 1ζέξούλης
1575 1213 1722 1264 παλιν

201 1301 380 1352 ούδεπω
416 1324 491 1351 και
523 1300 723 1366 τήμερον
759 1303 988 1350 εἰσελθεῖν
1028 1298 1291 1362 δεδύνημαι·
1335 1296 1570 1350 τοσαύτας
1606 1320 1716 1364 τεχ-
1733 1317 1772 1348 25

113 1403 190 1444 105
204 1408 285 1438 νας
335 1386 408 1434 καὶ
453 1383 659 1451 σκήψεις
709 1383 842 1435 οὗτος
895 1383 1124 1447 εὑρίσκων
1173 1381 1390 1447 ἐκκρούει.
1457 1379 1586 1445 κάγὼ
1636 1379 1720 1443 μὲν

202 1470 348 1521 οὕτως
387 1469 601 1528 εὐλαβῶς
639 1465 713 1534 1τῇ
751 1467 867 1533 δίκῃ,
907 1471 1001 1518 τοῖς
1038 1465 1193 1528 νόμοις
1233 1463 1461 1515 ιι’ἅπαντα
1500 1462 1722 1530 πράττειν

203 1552 338 1620 ἀξιῶ·
381 1552 405 1601 ὁ
442 1555 499 1612 δ’,
527 1553 589 1603 ὡς
627 1551 749 1612 ὑμεῖς
786 1549 987 1610 ἀκούετε,
1025 1551 1245 1613 ἀσελγῶς
1280 1549 1333 1598 οὐ
1368 1547 1511 1610 μόνον
1545 1552 1606 1601 εἷς
1645 1547 1723 1611 ἐμὲ

206 1638 283 1686 καὶ
327 1634 435 1688 τοὺς
477 1633 613 1697 ἐμοὺς
665 1631 780 1701 ᾤετο
821 1635 915 1682 δεῖν
963 1630 1174 1697 ὑβρίζειν,
1217 1631 1348 1681 ἀλλὰ
1389 1633 1464 1681 καὶ
1504 1634 1566 1683 εἷς
1617 1629 1724 1684 τοὺς

206 1718 416 1786 φυλέτας
461 1719 519 1767 δι’
559 1717 649 1779 ἐμέ.
694 1718 755 1768 ὡς
801 1716 881 1765 οὖν
919 1716 1045 1764 ταῦτ’
1089 1717 1244 1779 ἀληθῆ
1289 1715 1430 1778 λέγω,
1470 1714 1602 1764 κάλει
1645 1737 1723 1777 μοι
1734 1732 1816 1776 541

205 1801 384 1852 τούτων
421 1799 527 1853 τοὺς
565 1798 820 1865 μάρτυρας,
849 1798 906 1847 ἵν’
936 1799 1074 1859 εἰδῆθ’
1104 1797 1174 1847 ὅτι
1210 1800 1320 1862 πρὶν
1347 1796 1464 1846 κατὰ
1495 1795 1600 1850 τοὺς
1642 1795 1718 1846 νό-

206 1907 321 1948 μους
359 1884 491 1946 δίκην
527 1881 590 1932 ὧν
627 1881 856 1948 πρότερον
891 1879 1115 1944 ἠδικήθην
1147 1885 1326 1941 λαβεῖν,
1352 1878 1500 1930 πάλιν
1535 1884 1726 1930 τοιαῦτα

207 1967 281 2019 οἶα
306 1965 536 2030 ἀκηκόατε
565 1968 808 2031 ὕβρισμαι.

795 2068 815 2087 ¹¹
834 2064 1137 2104 MAPTTPIA.
1737 2074 1753 2103 5

117 2145 194 2183 106
326 2136 601 2186 Καλλισθένης
632 2134 835 2186 Σφήττιος,
861 2135 1078 2185 Διόγνητος
1102 2141 1119 2159 ⁰
1133 2133 1328 2184 Θορίκιος,
1354 2133 1578 2182 Μνησίθεος
1596 2131 1723 2171 Ἀλω-

264 2204 447 2254 πεκῆθεν,
468 2205 626 2253 οἴδαμεν
647 2200 950 2252 ΡΔημοσθένην,
974 2198 1002 2254 ᾧ
1030 2203 1311 2251 μαρτυροῦμεν,
1337 2200 1462 2249 κρίσιν
1492 2200 1722 2250 λελογχότα

267 2272 410 2323 Μειδίᾳ
442 2269 618 2319 ἐξούλης,
650 2270 702 2322 τῷ
737 2269 797 2307 καὶ
830 2270 898 2307 νῦν
928 2266 988 2306 ὑπ’
1012 2266 1157 2306 (ῑαύτοῦ
1189 2265 1402 2320 κρινομένῳ
1434 2266 1614 2319 δημοσίᾳ,
1636 2272 1648 2289 “”
1663 2266 1724 2305 καὶ

262 2419 279 2441 ²
302 2417 392 2460 ὑμῶν
411 2414 644 2460 μνημονεύειν]
668 2412 886 2457 μνημονεύειν
906 2413 997 2456 ὑμῶν
1018 2414 1047 2446 A
1062 2414 1126 2446 k.r.
1209 2418 1227 2437 a
1248 2411 1359 2455 οἴομαι
1380 2412 1462 2446 AS.
1493 2408 1585 2455 οἶμαι
1606 2411 1723 2458 vulgo.

208 2466 228 2494 b
257 2469 434 2514 ἐδυνήθην]
469 2467 633 2512 ἠδυνήθην
660 2468 802 2501 A.k.t.v.
960 2472 975 2489 (“
1004 2466 1294 2511 ἀνακομίσασθαι]
1329 2465 1535 2509 κομίσασθαι
1564 2465 1722 2499 A.F.k.r.

209 2519 227 2547 d
247 2523 465 2569 προσδοκῶν]
490 2522 541 2555 καὶ
561 2521 761 2565 προσδοκῶν
782 2521 815 2553 k.
961 2525 976 2542 θ
998 2519 1191 2564 ὑβρίσματα
1211 2518 1355 2563 τούτων]
1380 2517 1510 2551 τούτων
1532 2518 1725 2563 ὑβρίσματα

209 2576 321 2610 A.k.r.
352 2573 567 2620 ἠσελγημένα
586 2573 715 2606 τούτων
734 2588 790 2618 γρ.
814 2573 852 2606 F.
1009 2569 1023 2595 f
1041 2571 1167 2618 τούτῳ]
1191 2570 1320 2605 τούτων
1342 2570 1571 2605 F.Y.O.S.t.v.
1595 2577 1629 2604 et
1649 2583 1725 2604 cor-

209 2666 324 2696 rectus
346 2661 381 2694 S.
511 2666 531 2693 g
550 2659 763 2714 κακηγοριας]
789 2658 985 2704 κατηγορίας
1009 2660 1050 2693 Β.
1055 2665 1081 2692 t
1212 2655 1231 2681 h
1252 2657 1399 2702 ἀπήντα]
1424 2629 1553 2690 ἀπεῖντα
1575 2656 1611 2690 S.
1644 2671 1662 2699 η
1683 2657 1726 2690 ab

210 2716 331 2749 eadem
352 2726 397 2747 m.
420 2711 685 2758 sc1i1›to.1
706 2712 861 2756 πώποτε]
884 2726 937 2745 πω
956 2713 997 2745 A.
1001 2713 1036 2746 k
1042 2725 1069 2745 r.
1170 2708 1188 2735 k
1211 2709 1368 2755 ἐξούλης]
1393 2710 1534 2753 ἐξουλῆς
1556 2709 1591 2743 S.
1614 2709 1670 2743 hic
1690 2715 1726 2743 et

210 2768 310 2808 infra,
328 2773 366 2800 ut
380 2767 480 2800 solet.
552 2763 559 2790 ¹
580 2769 619 2807 τῇ
636 2765 721 2808 δίκῃ,
739 2767 809 2799 τοῖς
829 2765 959 2811 νόμοις]
981 2767 1051 2800 τοῖς
1071 2766 1184 2807 νόμοις
1203 2765 1242 2805 τῇ
1257 2763 1330 2805 δίκῃ
1353 2764 1462 2796 A.k.r.
1521 2768 1551 2786 m
1571 2761 1719 2808 ἅπαντα]

208 2823 318 2854 πάντα
337 2820 450 2853 A.k.1·.
582 2825 600 2842 ¹¹
621 2816 785 2861 μαρτυρία
806 2819 919 2851 A.s.1·.
971 2818 1169 2863 Legebantur
1191 2821 1427 2849 ΜΛΡἸῪΡΕΣ.
1469 2815 1725 2849 Testimonium

210 2886 278 2907 om.
301 2874 373 2906 A.1·.
447 2878 464 2897 0
486 2873 642 2917 Θορίκιος
663 2871 866 2904 Pahncrius.
897 2870 1081 2914 θεωρίσκος
1101 2870 1190 2903 libri.
1221 2871 1377 2902 Accentu
1397 2875 1490 2902 caret
1513 2868 1549 2902 S.
1619 2873 1638 2900 P
1659 2873 1723 2910 Δη-

208 2925 395 2970 μοσθένην]
420 2925 611 2968 δημοσθένη
635 2923 806 2957 P.S.Y.O.
838 2923 1039 2966 δημοσθένει
1061 2937 1088 2956 s,
1234 2931 1251 2956 ¹1
1273 2921 1395 2965 αὐτοῦ]
1419 2921 1522 2954 αιίτῶι
1544 2920 1723 2955 P.S.Y.O.

210 2986 223 3004 ¹¹
244 2980 295 3012 καὶ
315 2990 383 3012 om.
406 2978 451 3012 O.
