1954 3273
78 184 233 227 —735,
251 188 286 213 ει
297 203 305 211 .
671 174 814 212 ΚΑΤΑ
844 171 1247 210 ΤΙΜΟΚΡΑΤΟὙΣ.
1637 166 1719 209 767

198 285 302 337 οὐδὲ
328 285 420 352 γὰρ
447 285 538 335 οὐδ’
567 283 693 335 ἄκων
724 282 855 334 οὐδὲν
888 283 1049 345 ἔθηκεν
1074 282 1224 347 ὀρθῶς
1251 280 1370 346 ἕχον,
1399 280 1490 328 οὐδ’
1520 282 1581 331 ὡς
1609 281 1714 341 ὑμῖν
1728 302 1765 331 25

197 369 366 432 ε”μελλε
405 366 753 431 λυσιτελήσειν.
809 369 908 418 πῶς
944 365 1025 414 οὖν
1059 364 1142 414 οὐκ
1176 362 1295 416 εἰκὸς
1332 365 1487 425 μισεῖν
1525 363 1601 411 καὶ
1639 383 1708 412 τι-

195 456 455 518 μωρεῖσθαι
488 456 666 512 τοῦτον,
693 447 847 501 Ῐὸστις
881 453 963 498 τοῦ
997 446 1083 510 μὲν
1115 445 1263 510 δήμου
1295 443 1568 509 ἠδικημένου
1594 444 1708 507 ἠμέ-

195 541 359 597 λησεν,
386 534 500 600 ὑπὲρ
527 533 576 584 δὲ
601 537 695 584 τῶν
721 528 1007 596 ἠδικηκότων
1033 531 1138 579 ἕκαὶ
1166 530 1364 594 ὕστερον
1390 527 1711 591 ἀδικησόντων

102 628 181 669 126
195 617 301 672 τοὺς
346 618 514 681 νόμους
552 616 781 681 ιὶε”θηκεν;
839 612 1057 679 θαυμάζω
1101 614 1155 674 δ’,
1194 610 1231 662 ὦ
1275 612 1438 676 ἄνδρες
1478 613 1709 672 δικασταὶ,

192 704 276 764 τῆς
301 701 530 754 ἀναιδείας
556 700 698 750 αὐτοῦ
730 697 798 760 τὸ,
826 698 960 761 ἡνίκα
993 695 1077 760 μὲν
1112 694 1254 763 ἦρχεν
1285 694 1422 748 αὐτὸς
1460 695 1556 758 μετ’
1590 695 1704 744 Ἀν-

192 786 452 850 δροτίωνος,
479 782 561 834 τὸν
592 783 724 833 ἔλεον
750 781 939 832 ἰτοῦτον
965 778 1068 831 1(ἐπὶ
1099 783 1165 848 τῷ
1198 778 1372 842 πλήθει
1405 781 1472 847 τῷ
1507 777 1708 846 ὑμετέρῳ
1723 800 1802 845 735

190 867 255 932 μὴ
281 867 591 931 ποιήσασθαι,
618 869 684 934 τῷ
719 862 987 930 ἀπειρηκότι
1020 862 1080 913 τὰ
1114 864 1278 913 ἑαυτοῦ
1312 860 1513 929 χρήματ’
1541 861 1702 928 εἰσφέ-

188 973 332 1017 ροντι,
358 950 514 1014 ἐπειδὴ
542 953 582 1001 δ’
610 949 952 1015 1Ἀνδροτίωνα
986 946 1074 997 ε”δει
1109 943 1138 996 ἃ
1168 944 1320 997 πάλαι
1346 944 1598 1012 Π’ὑφῄρητο
1625 947 1707 1007 τῆς

189 1032 374 1088 πόλεως
417 1032 636 1101 χρήματα
680 1035 960 1093 καταθεῖναι,
1004 1028 1063 1080 τὰ
1114 1030 1198 1092 μὲν
1243 1028 1354 1094 ἱερὰ,
1399 1027 1457 1078 τὰ
1500 1029 1537 1078 δ’
1581 1027 1705 1088 ὅσια,

189 1115 295 1168 τότε
321 1121 463 1168 θεῖναι
487 1116 571 1167 τὸν
597 1115 739 1179 νόμον
765 1115 834 1166 ἐπ’
863 1112 1180 1179 ἀποστερήσει
1215 1116 1308 1163 τῶν
1340 1111 1424 1176 μὲν
1450 1112 1596 1162 ὁσίων
1621 1113 1733 1174 τῆς5

187 1202 458 1263 διπλασίας,
496 1205 591 1251 τῶν
636 1203 770 1265 ἱερῶν
807 1198 857 1249 δὲ
901 1201 982 1262 τῆς
1026 1197 1363 1250 δεκαπλασίας.
1426 1197 1501 1246 καὶ
1545 1203 1565 1221 ¹²
1582 1197 1703 1246 οὕτω

186 1284 306 1350 πρὸς
347 1284 402 1335 τὸ
444 1287 629 1347 πλῆθος
672 1282 726 1334 τὸ
772 1281 989 1348 ὑμέτερον
1030 1278 1398 1347 προσενήνεκται
1442 1280 1466 1329 ὁ
1505 1286 1522 1305 ⁰
1540 1279 1703 1330 αὐτίκα

96 1385 173 1428 127
188 1365 322 1430 μάλα
359 1365 474 1433 ὑπὲρ
512 1371 594 1417 τοῦ
633 1366 783 1430 δήμου
821 1364 996 1433 φήσων
1033 1363 1115 1415 τὸν
1154 1363 1297 1426 νόμον
1334 1368 1500 1413 τοῦτον
1539 1366 1699 1412 θεῖναι.

187 1450 409 1504 Ρδικαίως
447 1451 485 1500 δ’
521 1449 578 1500 ἂν
616 1451 716 1513 ἐμοὶ
754 1451 915 1499 (ἰδοκεῖ
952 1450 1119 1498 παθεῖν
1158 1447 1326 1508 ὁτιοῦν,
1363 1443 1524 1497 Υὸστις
1563 1443 1704 1494 οἴεται

186 1535 319 1596 ειδεῖν,
345 1537 383 1584 εἰ
407 1533 492 1597 μέν
517 1555 586 1586 τις
613 1530 905 1598 ἀγορανόμος
930 1529 959 1595 ἢ
987 1529 1252 1593 ἀστυνόμος
1277 1528 1306 1593 ἢ
1333 1526 1557 1592 δικαστὴς
1583 1527 1703 1578 κατὰ
1720 1549 1756 1571 10

186 1615 360 1681 δήμους
392 1615 638 1683 γενόμενος
677 1618 858 1679 κλοπῆς
894 1616 942 1665 ἐν
977 1619 1078 1669 ταῖς
1116 1614 1323 1667 εὐθύναις
1358 1612 1578 1674 ἑάλωκεν,
1613 1612 1698 1662 ἄν·

185 1704 372 1767 θρωπος
404 1700 547 1764 πένης
580 1700 656 1750 καὶ
692 1698 874 1762 ἰδιώτης
908 1700 983 1748 καὶ
1015 1702 1214 1749 πολλῶν
1245 1696 1433 1762 ἄπειρος
1459 1698 1533 1746 καὶ
1559 1696 1701 1759 ῐκλη-

181 1783 338 1850 ρωτὴν
372 1781 521 1851 ἀρχὴν
552 1781 715 1851 ἄρξας,
748 1780 932 1850 “του’τῳ
970 1780 1054 1844 μὲν
1089 1781 1175 1845 τὴν
1209 1779 1534 1831 δεκαπλασίαν
1573 1777 1698 1842 εἶναι,

182 1870 259 1918 καὶ
294 1867 438 1931 νόμον
471 1865 635 1917 οὐδένα
668 1869 764 1918 τοῖς
796 1864 1021 1918 τοιούτοις
1055 1866 1386 1929 ἐπικουροῦντα
1418 1863 1621 1927 τίθησιν·
1661 1866 1750 1914 εὶῐ5

182 1951 237 2003 δέ
265 1974 385 2005 τινες
418 1951 645 2017 πρέσβεις
674 1948 926 2015 αἱρεθέντες
960 1947 1050 2000 ὑπὸ
1075 1953 1158 1998 τοῦ
1185 1947 1346 2011 δήμου,
1372 1945 1597 1997 πλούσιοι
1623 1946 1698 1998 ὅν-

182 2058 270 2098 τες,
297 2036 576 2105 Χὺφείλοντο
609 2030 830 2101 χρήματα
863 2031 1040 2096 πολλὰ,
1072 2030 1132 2082 τὰ
1164 2030 1249 2095 μὲν
1284 2029 1395 2097 ἱερὰ,
1422 2030 1481 2080 τὰ
1507 2032 1543 2080 δ’
1573 2030 1698 2094 ὅσια,

181 2121 258 2169 καὶ
295 2117 420 2186 εἶχον
457 2118 629 2186 χρόνον
665 2115 832 2179 πολὺν,
872 2115 1050 2169 τούτοις
1097 2115 1223 2168 ὅπως
1269 2114 1414 2179 μηδὲν
1453 2115 1699 2165 πείσονται

179 2202 288 2267 μήθ’
329 2200 393 2253 ῶν
436 2206 479 2253 οὶ
524 2200 656 2265 νόμοι
700 2200 808 2265 μήθ’
850 2197 915 2251 ῶν
954 2198 1014 2250 τὰ
1052 2200 1350 2268 ψηφίσματα
1395 2197 1694 2264 προστάττει,
1709 2222 1751 2244 ‘20

89 2298 167 2339 128
180 2285 292 2349 μάλ’
320 2287 525 2352 ἀκριβῶς
562 2285 704 2351 εὗρεν.
758 2285 905 2335 καίτοι
942 2287 988 2348 γ’
1016 2284 1041 2333 ὁ
1076 2281 1258 2344 Σόλων,
1291 2279 1328 2332 ῶ
1365 2280 1528 2347 ἄνδρες
1561 2284 1690 2332 δικα-

235 2476 250 2506 f
266 2478 380 2525 ὅστις]
404 2477 456 2513 ὅτι
476 2483 660 2524 grammat.
680 2477 718 2512 in
738 2477 892 2512 Bekkeri
910 2476 1044 2512 Anecd.
1065 2489 1101 2522 p.
1122 2487 1206 2523 123,
1226 2486 1238 2512 1
1248 2487 1284 2524 5.
1405 2481 1426 2510 g
1446 2474 1515 2521 καὶ]
1539 2476 1592 2509 καὶ
1611 2474 1695 2519 ὑπὲρ

179 2551 248 2583 τῶν
265 2549 379 2584 A.k.s.
452 2545 474 2573 h
492 2546 623 2593 ἔθηκεν]
645 2547 792 2581 τέθεικεν
810 2559 844 2581 v.
919 2543 930 2572 i
949 2545 1087 2592 τοῦτον]
1112 2540 1234 2580 τουτῖῗν
1252 2546 1291 2579 F.
1322 2543 1445 2579 τούτωι
1467 2544 1503 2578 S.
1578 2539 1599 2567 k
1620 2541 1691 2587 ἐπὶ]

178 2602 216 2635 ἐν
235 2614 261 2636 s.
343 2598 354 2626 l
371 2600 615 2647 Ἀνδροτίωνα]
640 2600 838 2646 ἀνδροτίονα
854 2599 897 2634 Ο.
915 2600 974 2645 qui
994 2599 1042 2633 sie
1062 2611 1166 2645 saepe.
1240 2605 1271 2624 m
1291 2597 1465 2644 ὑφῄρητο]
1489 2595 1646 2642 ἀφῄρητο
1660 2607 1693 2630 v.

348 2663 443 2682 τουτο

181 2695 202 2713 ¹1
222 2686 326 2733 οὕτω]
354 2687 443 2722 οὕτω
468 2700 496 2722 r.
530 2688 634 2722 τοῦτο
652 2688 725 2722 A.S.
836 2691 854 2711 ⁰
873 2685 1007 2732 αὐτίκα]
1031 2686 1148 2720 αὐτίκα
1167 2686 1207 2730 δὴ
1228 2686 1302 2721 FN.
1413 2691 1432 2719 Ρ
1452 2681 1585 2718 δικαίως
1604 2681 1633 2716 δ’
1655 2680 1695 2716 ἂν

179 2741 271 2787 ἐμοὶ]
297 2740 388 2775 ὥστε
411 2739 543 2775 δικαίως
564 2740 605 2774 ἅν
627 2755 685 2784 μοι
704 2741 815 2774 A.k.s.
856 2738 947 2774 ὥστε
966 2739 1099 2775 δικαίως
1117 2741 1234 2785 ἔμοιγε
1252 2752 1280 2775 r.
1321 2738 1454 2772 δικαίως
1472 2736 1501 2771 δ’
1521 2735 1561 2770 ἂν
1579 2737 1695 2781 ἔμοιγε

180 2794 271 2828 Y.O.
373 2800 393 2827 q
413 2794 520 2839 δοκεῖ]
546 2794 625 2837 δοκῆ
645 2806 672 2827 s.
783 2799 798 2817 1'
817 2792 930 2838 ὅστις]
954 2791 1025 2828 ὅτις
1044 2798 1220 2827 correctus
1239 2805 1268 2827 r.
1372 2797 1387 2816 S
1408 2790 1494 2836 δεῖν]
1519 2790 1588 2823 δεῖν
1607 2787 1693 2822 οὕτω

179 2849 363 2893 κακοῦργος
383 2843 466 2881 εἶναι
484 2847 561 2892 περὶ
580 2847 676 2890 ὑμᾶς.
706 2846 888 2891 σκέψασθε
902 2847 968 2891 γάρ
985 2858 1104 2892 margo
1123 2847 1161 2880 k.
1239 2845 1252 2870 ἴ
1272 2843 1462 2889 κληρωτὴν]
1489 2842 1613 2887 κλήρωι
1633 2841 1694 2884 τὴν

178 2899 418 2935 Α.Ὲ.Υ.Ο,1“.8.
521 2905 541 2924 ¹1
560 2898 687 2947 τούτῳ]
712 2901 815 2933 τοῦτο
835 2910 863 2933 S.
966 2905 983 2920 Χ
1004 2898 1206 2944 ὑφείλοντο]
1230 2898 1404 2932 ἀνείλοπο
1426 2897 1464 2930 F.

238 2976 407 3003 VOL.11.
927 2974 947 2998 Ρ
970 2975 996 3014 p
