1954 3273
106 227 263 272 —795‚
285 235 334 262 19·
626 222 767 259 ΚΑΤΑ
800 220 1271 259 ΑΡΙΣΤΟΓΕΙΤΟΝΟΣ
1305 222 1352 257 Α.
1668 218 1747 257 831

1362 334 1382 343 n

233 354 309 386 νος
349 332 574 399 ἐχθρὸς,
555 356 580 383 ο
614 337 736 383 πᾶσι
768 330 1067 395 δυσμενὴς,
1044 354 1136 381 οτω
1170 330 1286 394 μήτε
1321 354 1383 395 γη
1421 331 1590 398 ἀφεροι
1629 349 1778 396 καρ-
1767 348 1801 378 5

231 415 324 466 πὸν
361 415 468 480 μήτ’
497 416 796 467 ἀποόανόντα
831 415 1046 483 δέξαιτο·
1036 455 1047 476 ,
1095 416 1182 481 οὐχ
1221 416 1246 463 ὁ
1283 419 1524 467 τοιοῦτος
1514 455 1525 475 ,
1570 415 1748 480 θέγωγε

165 506 219 557 96
234 499 415 565 νομίζω.
460 501 584 553 τίνος
622 499 670 550 δὲ
707 498 994 565 συγγνώμης
1033 497 1061 561 ἢ
1097 499 1244 549 ποίων
1282 497 1425 548 ἐλέων
1464 501 1505 548 οἱ
1540 520 1744 548 σεσυκο-

233 585 519 650 φαντημένοι
554 581 856 650 Ϋ’τετυχήκασι
895 582 1025 647 παρὰ
1062 582 1242 643 τούτου,
1271 581 1337 634 οἷς
1376 581 1510 635 οὗτος
1548 580 1751 632 θανάτου

229 672 379 718 πᾶσιν
418 669 605 730 ἐτιμᾶτο
643 670 691 718 ἐν
729 669 937 718 τουτοισὶ
982 672 1077 719 τοῖς
1118 667 1448 731 δικαστηρίοις,
1486 668 1560 716 καὶ
1604 672 1751 716 ταῦτα
1766 685 1844 727 795

229 753 340 817 πρὶν
380 751 465 816 τὴν
505 752 724 817 ἕπρώτην
765 755 935 820 ψῆφον
977 753 1296 817 διενεχθῆναι;
1342 749 1444 800 Ιικαὶ
1488 752 1559 818 ἐφ’
1609 749 1675 802 οἷς
1726 752 1750 800 ὁ

229 835 472 895 βάσκανος
511 836 645 890 οὗτος
684 835 850 889 ἰοῦτως
892 838 1029 899 ὠμῶς
1072 837 1147 885 καὶ
1191 839 1366 900 πικρῷς
1413 832 1519 901 εἶχε,
1561 835 1752 887 τούτους

725 918 786 946 k-

233 919 361 982 ὑμῶν
387 923 429 970 οἱ
456 919 697 987 λαχόντες,
735 926 789 970 ’ὠ
815 919 978 986 ἄνδρες
1003 919 1259 982 Ἀθηναῖοι,
1285 916 1345 967 τὰ
1371 918 1523 968 δίκαια
1557 924 1746 968 ποιοῦν-

346 1001 624 1069 Ῑέσωζον,“
622 1005 728 1054 1καὶ
772 1003 879 1057 τοὺς
924 1001 1014 1054 ὑπὸ
1065 1001 1232 1052 τούτου
1279 1000 1781 1069 συκοφαντουμένους5

232 1087 605 1155 ἀπεψηφίζοντοἐ
651 1090 726 1137 καὶ
775 1087 828 1137 τὸ
879 1088 1095 1151 πέμπτον
1144 1086 1284 1152 μέρος
1335 1091 1428 1136 τῶν
1469 1085 1654 1188 ψήφων
1699 1086 1752 1135 οὐ

166 1187 216 1230 97
233 1171 539 1232 μετεδίδοσαν
573 1172 737 1240 τούτῳ.
802 1173 912 1221 ἀλλ’
953 1194 1072 1236 ηγε
1109 1169 1275 1220 τούτου
1309 1171 1470 1236 πικρία
1508 1193 1584 1220 και
1624 1192 1749 1233 μιαιψ

234 1255 375 1321 φονία
426 1257 502 1305 καὶ
547 1255 730 1319 ὠμότης
781 1278 937 1321 παρην
981 1277 1056 1304 και
1101 1252 1360 1322 ἐξηταζετο.
1431 1276 1533 1320 ουχι
1577 1254 1752 1315 παιδία,

231 1339 336 1405 οὐχὶ
372 1339 572 1405 μητέρας
610 1344 703 1390 τῶν
739 1339 1020 1405 κρινομένων
1055 1340 1186 1388 ἐνίων
1217 1344 1363 1403 γραῦς
1397 1337 1754 1403 ηπαρεστώσας

231 1423 387 1487 Οὸρῶν
413 1422 546 1475 οὗτος
586 1423 722 1485 ἠλέει.
763 1420 860 1472 εἶτα
886 1424 994 1472 Ρσοὶ
1021 1421 1315 1487 συγγνώμη;
1356 1419 1501 1471 πόθεν
1532 1420 1587 1484 (ῑῆ
1623 1419 1753 1485 παρὰ
1773 1448 1807 1468 10

232 1511 350 1567 τοῦ;
395 1504 422 1570 ἢ
468 1511 563 1559 τοῖς
601 1511 707 1560 σοῖς
746 1506 945 1559 παιδίοις
990 1506 1152 1566 ε”λεοςς
1216 1510 1405 1555 πολλοῦ
1450 1527 1504 1569 γε
1547 1507 1622 1554 καὶ
1668 1507 1748 1554 δεῖ.

234 1586 298 1638 σὺ
349 1588 431 1638 τὸν
475 1592 538 1641 εἰς
588 1594 735 1638 ταῦτα
784 1587 916 1638 ἔλεον
960 1588 1299 1653 Υπροδέδωκας,
1352 1588 1754 1652 8Ἀριστογεῖτον,

235 1676 427 1734 μᾶλλον
454 1673 492 1722 δ’
521 1670 756 1738 ἀνῄρηκας
790 1671 926 1725 ὅλως.
974 1670 1067 1735 ἵμὴ
1108 1670 1163 1735 δὴ
1190 1671 1308 1736 πρὸς
1340 1670 1418 1724 οὓς
1457 1670 1595 1723 αὐτὸς
1633 1670 1750 1736 ἔχω-

234 1778 326 1808 σας
370 1756 562 1817 λιμένας
607 1758 682 1805 καὶ
731 1754 989 1822 προβόλων
1040 1755 1351 1817 “ε’νε’πλησας,
1395 1752 1514 1820 πρὸς
1564 1754 1754 1807 τούτους
1772 1776 1805 1807 15

233 1837 570 1904 προσορμίζου·
613 1840 666 1889 οὐ
691 1838 785 1905 γὰρ
814 1839 1004 1888 δίκαιον.

168 1925 222 1979 98
311 1926 369 1972 Εἰ
408 1923 562 1973 τοίνυν
600 1922 879 1973 Χοἰκούσαιτε
919 1924 1020 1972 Υκαὶ
1060 1921 1144 1975 τὰς
1181 1922 1500 1988 βλασφημίας
1546 1919 1600 1974 ἃς
1639 1919 1757 1970 κατὰ

234 2004 321 2069 τὴν
363 2005 541 2072 ἀγορὰν
585 2005 774 2073 περιιὼν
814 2008 914 2058 καθ’
961 2008 1090 2069 ὑμῶν
1141 2006 1317 2071 ἔλεγεν,
1363 2006 1428 2057 ἔτι
1467 2010 1658 2070 μᾶλλον
1700 2002 1756 2053 ἂν

235 2090 377 2140 αὐτὸν
426 2097 444 2116 ²
462 2090 736 2153 μισήσαιτε,
790 2092 866 2140 καὶ
917 2090 1151 2142 ξιδικαίως.
1222 2093 1344 2157 φησὶ
1395 2089 1489 2156 γὰρ
1545 2085 1758 2140 πολλοὺς

235 2174 444 2241 ὀφείλειν
502 2177 568 2242 τῷ
625 2174 852 2242 δημοσίῳ,
904 2173 1095 2226 τούτους
1147 2172 1164 2199 ¹³
1186 2175 1223 2223 δ’
1277 2172 1487 2226 ἅπαντας
1539 2172 1757 2235 οὁμοίους

625 2312 715 2351 ζῶντι

291 2354 310 2382 d
331 2360 433 2403 φέροι
453 2358 598 2404 καρπὸν]
623 2360 725 2403 φέροι
744 2359 871 2403 καρπὸν
892 2358 928 2392 S.
963 2359 1091 2403 καρπὸν
1110 2360 1212 2402 φέροι
1233 2359 1310 2392 F.v.
1409 2363 1424 2382 e
1445 2356 1569 2403 ἔγωγε]
1594 2356 1660 2401 ἐγὼ
1676 2356 1756 2389 A.k.

237 2408 253 2436 f
270 2411 474 2455 τετυχήκασι
494 2412 584 2457 παρὰ
603 2411 744 2456 τούτου]
768 2411 846 2451 παρ’
867 2412 971 2445 αὐτοῦ
991 2411 1216 2455 τετυχήκασιν
1237 2412 1313 2445 F.v.
1424 2416 1444 2443 g
1463 2411 1600 2454 πρώτην
1619 2421 1688 2442 om.
1712 2408 1756 2442 Ο.

237 2461 259 2488 h
280 2464 349 2510 καὶ]
375 2463 435 2498 κᾶν
454 2470 630 2498 correctus
649 2466 686 2499 k.
762 2462 772 2489 ἰ
791 2463 896 2499 οὕτως
917 2477 988 2498 om.
1010 2465 1091 2498 A.k.
1166 2462 1184 2488 k
1207 2462 1233 2498 (3
1253 2477 1323 2499 om.
1346 2463 1558 2501 A.S‡O.k.v.
1644 2461 1647 2482 ¹
1669 2464 1755 2495 ἔσω-

239 2517 312 2562 ζον]
347 2518 517 2559 ἐσώζοντο
537 2519 579 2552 Α.
612 2524 647 2551 et
679 2530 731 2563 pr.
764 2519 799 2551 k.
966 2524 995 2542 Π]
1027 2518 1079 2551 καὶ
1113 2524 1192 2563 post
1223 2519 1565 2563 συκοφαντουμένους
1595 2516 1756 2550 A.F.k.V.

243 2576 262 2595 ¹¹
282 2571 526 2617 παρεστώσας]
550 2570 822 2615 προσεστηκυίας
844 2570 919 2604 PX.
1031 2576 1049 2595 0
1070 2571 1157 2616 ὁρῶν
1176 2584 1247 2606 om.
1265 2572 1299 2605 k.
1396 2577 1413 2603 P
1434 2570 1508 2614 σοὶ]
1533 2571 1598 2602 σοῦ
1619 2569 1661 2603 Λ.
1693 2582 1758 2600 σου

238 2636 291 2669 pr.
308 2624 343 2658 k.
474 2629 491 2656 ‘i
514 2623 531 2667 ἢ
552 2636 622 2658 om.
640 2636 671 2658 v.
802 2629 817 2648 1·
836 2623 1067 2669 προδέδωκας]
1092 2624 1216 2660 ἔδωκας
1235 2638 1285 2670 pr.
1306 2626 1342 2658 k.
1469 2628 1483 2647 S
1503 2622 1758 2667 Ἀριστογεῖτον

239 2677 283 2712 Α.
307 2677 382 2722 (qui
410 2689 463 2722 pr.
489 2676 734 2723 ἄριστα-γείτων
762 2677 925 2711 habuisse
956 2677 1119 2721 videtur.)
1141 2678 1306 2713 Y.O.k.v.
1350 2676 1608 2720 Ἀριστόγειτον
1638 2675 1755 2719 vulgo.

201 2735 203 2737 '
238 2729 485 2774 ἀριστογειτων
507 2730 541 2764 S.
664 2731 677 2756 t
697 2730 741 2773 μὴ
762 2729 819 2775 δὴ]
843 2731 925 2773 μηδὲ
946 2731 1059 2764 A.k.v.
1185 2737 1204 2755 ¹¹
1226 2729 1433 2773 ἐνέπλησας]
1457 2728 1652 2770 ἀνέπλησας
1674 2727 1755 2761 S.Y.

239 2783 393 2825 ἕπλησας
413 2783 457 2817 Ο.
569 2789 588 2807 Χ
608 2782 788 2816 ἀκούσαιτε
810 2783 985 2817 Reiskius.
1014 2782 1149 2816 ἀκούετε
1170 2797 1221 2830 pr.
1244 2785 1279 2818 k.
1309 2781 1473 2816 ἀκούσετε
1493 2782 1611 2826 vulgo.
1655 2780 1694 2813 In
1719 2781 1755 2815 S.

240 2848 293 2881 pr.
315 2836 383 2870 fuit
402 2835 581 2877 ἀκούσατε,
604 2848 646 2870 ex
666 2848 735 2882 quo
750 2836 911 2870 librarius
925 2835 1087 2869 ἀκούσετε
1107 2836 1201 2871 fecit.
1347 2842 1364 2868 Y
1381 2835 1432 2868 καὶ
1452 2834 1527 2878 τὰς]
1553 2835 1603 2866 καὶ
1625 2833 1668 2866 Ο.
1699 2833 1759 2868 τὰς

242 2888 320 2922 F.v.
476 2897 492 2914 '¹⁴
520 2888 721 2935 μισήσαιτε]
753 2889 920 2933 μισήσετε
952 2890 1035 2923 AS.
1061 2894 1096 2922 et
1124 2891 1254 2924 omisso
1285 2888 1325 2923 ἂν
1350 2901 1404 2934 pr.
1433 2889 1469 2921 k.
1509 2886 1680 2931 μισήσατε
1711 2886 1756 2921 Ο.

242 2947 261 2966 a
281 2941 429 2987 δικαίως]
454 2943 587 2976 δικαίως
607 2942 837 2977 ἀποκτείναιτε
856 2957 911 2988 γρ.
934 2943 976 2976 Y.
1019 2943 1152 2979 δικαίως
1176 2943 1389 2976 ἀποκτείνετε
1412 2956 1466 2986 γρ.
1489 2941 1570 2975 F.S.
1689 2936 1709 2964 b
1730 2938 1758 2973 δ’

240 2992 405 3041 ἅπαντας]
432 2996 467 3029 δέ
487 2997 614 3030 πάντας
629 2996 703 3031 F.v.
816 3001 832 3020 0
852 2997 990 3041 ὁμοίους
1010 2995 1190 3043 ὑπάρχειν]
1216 2997 1380 3041 ὑπάρχειν
1400 2993 1538 3039 ὁμοίους
1557 2994 1717 3028 A.F.k‚v.

298 3071 392 3096 v0L.
412 3070 462 3097 11.
995 3072 1015 3096 Ζ
1041 3073 1062 3097 Ζ
