<?xml version="1.0" encoding="UTF-8"?>
<!DOCTYPE html PUBLIC "-//W3C//DTD XHTML 1.0 Transitional//EN"
    "http://www.w3.org/TR/xhtml1/DTD/xhtml1-transitional.dtd">
<html xmlns="http://www.w3.org/1999/xhtml" xml:lang="en" lang="en">
 <head>
  <title>
</title>
<meta http-equiv="Content-Type" content="text/html;charset=utf-8" />
  <meta name='ocr-system' content='tesseract 3.04.00' />
  <meta name='ocr-capabilities' content='ocr_page ocr_carea ocr_par ocr_line ocrx_word'/>
</head>
<body>
  <div class='ocr_page' id='page_1' title='image "./operaexrecension02demouoft_0155.png"; bbox 0 0 1954 3273; ppageno 0'>
   <div class='ocr_carea' id='block_1_1' title="bbox 89 151 1721 208">
    <p class='ocr_par' dir='ltr' id='par_1_1' title="bbox 89 151 1721 208">
     <span class='ocr_line' id='line_1_1' title="bbox 89 151 1721 208; baseline 0.003 -17"><span class='ocrx_word' id='word_1_1' title='bbox 89 151 239 208; x_wconf 78' lang='lat'>—598,</span> <span class='ocrx_word' id='word_1_2' title='bbox 257 168 309 192; x_wconf 72' lang='lat'>21.</span> <span class='ocrx_word' id='word_1_3' title='bbox 671 157 812 194; x_wconf 85' lang='grc' dir='ltr'><strong>ΚΑΤΑ</strong></span> <span class='ocrx_word' id='word_1_4' title='bbox 846 156 1256 193; x_wconf 80' lang='grc' dir='ltr'><strong>ΑΝΔΡΟΤΙΩΝΟΣ.</strong></span> <span class='ocrx_word' id='word_1_5' title='bbox 1637 153 1721 196; x_wconf 71' lang='grc'>627</span> 
     </span>
    </p>
   </div>
   <div class='ocr_carea' id='block_1_2' title="bbox 136 265 1808 2427">
    <p class='ocr_par' dir='ltr' id='par_1_2' title="bbox 136 265 1808 2427">
     <span class='ocr_line' id='line_1_2' title="bbox 208 265 1720 334; baseline 0.001 -18"><span class='ocrx_word' id='word_1_6' title='bbox 208 266 331 333; x_wconf 56' lang='grc' dir='ltr'>ῑὲχοι</span> <span class='ocrx_word' id='word_1_7' title='bbox 372 289 439 320; x_wconf 87' lang='grc' dir='ltr'>τις</span> <span class='ocrx_word' id='word_1_8' title='bbox 481 265 538 316; x_wconf 81' lang='grc' dir='ltr'>ἂν</span> <span class='ocrx_word' id='word_1_9' title='bbox 576 271 730 329; x_wconf 76' lang='grc' dir='ltr'>εἰπεῖν,</span> <span class='ocrx_word' id='word_1_10' title='bbox 771 265 801 317; x_wconf 79' lang='grc' dir='ltr'>ἃ</span> <span class='ocrx_word' id='word_1_11' title='bbox 839 270 896 334; x_wconf 81' lang='grc' dir='ltr'>τῇ</span> <span class='ocrx_word' id='word_1_12' title='bbox 930 267 1067 317; x_wconf 90' lang='grc' dir='ltr'>πόλει</span> <span class='ocrx_word' id='word_1_13' title='bbox 1108 268 1300 332; x_wconf 79' lang='grc' dir='ltr'>γέγονεν</span> <span class='ocrx_word' id='word_1_14' title='bbox 1340 268 1387 316; x_wconf 84' lang='grc' dir='ltr'>ἐκ</span> <span class='ocrx_word' id='word_1_15' title='bbox 1427 272 1510 316; x_wconf 87' lang='grc' dir='ltr'>τοῦ</span> <span class='ocrx_word' id='word_1_16' title='bbox 1550 269 1720 320; x_wconf 81' lang='grc' dir='ltr'>ταύτας</span> 
     </span>
     <span class='ocr_line' id='line_1_3' title="bbox 204 348 1769 415; baseline -0.001 -15"><span class='ocrx_word' id='word_1_17' title='bbox 204 349 578 401; x_wconf 79' lang='grc' dir='ltr'>κατεσκευάσθαι</span> <span class='ocrx_word' id='word_1_18' title='bbox 640 355 796 403; x_wconf 84' lang='grc' dir='ltr'>καλῶς</span> <span class='ocrx_word' id='word_1_19' title='bbox 846 349 1017 415; x_wconf 81' lang='grc' dir='ltr'>ἀγαθά.</span> <span class='ocrx_word' id='word_1_20' title='bbox 1075 348 1176 401; x_wconf 78' lang='grc' dir='ltr'>εἷεν·</span> <span class='ocrx_word' id='word_1_21' title='bbox 1237 352 1286 401; x_wconf 85' lang='grc' dir='ltr'>ἐκ</span> <span class='ocrx_word' id='word_1_22' title='bbox 1337 349 1385 400; x_wconf 75' lang='grc' dir='ltr'>δὲ</span> <span class='ocrx_word' id='word_1_23' title='bbox 1434 355 1516 400; x_wconf 85' lang='grc' dir='ltr'>τοῦ</span> <span class='ocrx_word' id='word_1_24' title='bbox 1567 355 1769 404; x_wconf 59' lang='grc' dir='ltr'>κακῶς35</span> 
     </span>
     <span class='ocr_line' id='line_1_4' title="bbox 146 431 1714 496; baseline -0.001 -11"><span class='ocrx_word' id='word_1_25' title='bbox 146 431 367 485; x_wconf 63' lang='grc' dir='ltr'>ι8ἕπόσα</span> <span class='ocrx_word' id='word_1_26' title='bbox 405 433 559 494; x_wconf 74' lang='grc' dir='ltr'>δεινάς</span> <span class='ocrx_word' id='word_1_27' title='bbox 599 433 658 484; x_wconf 81' lang='grc' dir='ltr'>τὰ</span> <span class='ocrx_word' id='word_1_28' title='bbox 696 433 780 496; x_wconf 73' lang='grc' dir='ltr'>μὲν</span> <span class='ocrx_word' id='word_1_29' title='bbox 819 433 984 484; x_wconf 79' lang='grc' dir='ltr'>πολλὰ</span> <span class='ocrx_word' id='word_1_30' title='bbox 1016 433 1160 483; x_wconf 83' lang='grc' dir='ltr'>ἐάσω·</span> <span class='ocrx_word' id='word_1_31' title='bbox 1203 435 1312 483; x_wconf 85' lang='grc' dir='ltr'>ἀλλ’</span> <span class='ocrx_word' id='word_1_32' title='bbox 1354 435 1427 484; x_wconf 77' lang='grc' dir='ltr'>ἐπὶ</span> <span class='ocrx_word' id='word_1_33' title='bbox 1469 439 1551 483; x_wconf 85' lang='grc' dir='ltr'>τοῦ</span> <span class='ocrx_word' id='word_1_34' title='bbox 1586 433 1714 484; x_wconf 63' lang='grc' dir='ltr'>11Δε-</span> 
     </span>
     <span class='ocr_line' id='line_1_5' title="bbox 206 515 1717 584; baseline 0.001 -17"><span class='ocrx_word' id='word_1_35' title='bbox 206 522 413 568; x_wconf 84' lang='grc' dir='ltr'>κελεικοῦ</span> <span class='ocrx_word' id='word_1_36' title='bbox 453 516 664 580; x_wconf 74' lang='grc' dir='ltr'>πολέμου</span> <span class='ocrx_word' id='word_1_37' title='bbox 703 517 817 580; x_wconf 80' lang='grc' dir='ltr'>(τῶν</span> <span class='ocrx_word' id='word_1_38' title='bbox 854 516 947 582; x_wconf 77' lang='grc' dir='ltr'>γὰρ</span> <span class='ocrx_word' id='word_1_39' title='bbox 989 518 1196 584; x_wconf 80' lang='grc' dir='ltr'>ἀρχαίων</span> <span class='ocrx_word' id='word_1_40' title='bbox 1235 515 1296 578; x_wconf 76' lang='grc' dir='ltr'>ἓν,</span> <span class='ocrx_word' id='word_1_41' title='bbox 1331 515 1355 567; x_wconf 72' lang='grc' dir='ltr'><strong><em>ὃ</em></strong></span> <span class='ocrx_word' id='word_1_42' title='bbox 1395 515 1566 570; x_wconf 86' lang='grc' dir='ltr'>πάντες</span> <span class='ocrx_word' id='word_1_43' title='bbox 1606 519 1717 579; x_wconf 83' lang='grc' dir='ltr'>ἐμοῦ</span> 
     </span>
     <span class='ocr_line' id='line_1_6' title="bbox 205 600 1710 670; baseline -0.001 -18"><span class='ocrx_word' id='word_1_44' title='bbox 205 606 395 666; x_wconf 82' lang='grc' dir='ltr'>μᾶλλον</span> <span class='ocrx_word' id='word_1_45' title='bbox 429 602 702 664; x_wconf 84' lang='grc' dir='ltr'>ἐπίστασθε,</span> <span class='ocrx_word' id='word_1_46' title='bbox 731 601 1012 670; x_wconf 80' lang='grc' dir='ltr'>ὑπομνήσω)</span> <span class='ocrx_word' id='word_1_47' title='bbox 1042 600 1261 652; x_wconf 75' lang='grc' dir='ltr'>ἰπολλῶν</span> <span class='ocrx_word' id='word_1_48' title='bbox 1293 604 1369 651; x_wconf 81' lang='grc' dir='ltr'>καὶ</span> <span class='ocrx_word' id='word_1_49' title='bbox 1409 604 1566 651; x_wconf 80' lang='grc' dir='ltr'>δεινῶν</span> <span class='ocrx_word' id='word_1_50' title='bbox 1599 604 1710 652; x_wconf 85' lang='grc' dir='ltr'>ἀτυ-</span> 
     </span>
     <span class='ocr_line' id='line_1_7' title="bbox 205 684 1714 754; baseline 0.001 -20"><span class='ocrx_word' id='word_1_51' title='bbox 205 684 428 752; x_wconf 84' lang='grc' dir='ltr'>χημάτων</span> <span class='ocrx_word' id='word_1_52' title='bbox 466 684 755 748; x_wconf 77' lang='grc' dir='ltr'>συμβάντων</span> <span class='ocrx_word' id='word_1_53' title='bbox 793 689 850 753; x_wconf 83' lang='grc' dir='ltr'>τῇ</span> <span class='ocrx_word' id='word_1_54' title='bbox 888 685 1026 736; x_wconf 88' lang='grc' dir='ltr'>πόλει</span> <span class='ocrx_word' id='word_1_55' title='bbox 1057 686 1110 735; x_wconf 81' lang='grc' dir='ltr'>οὐ</span> <span class='ocrx_word' id='word_1_56' title='bbox 1151 684 1379 751; x_wconf 88' lang='grc' dir='ltr'>πρότερον</span> <span class='ocrx_word' id='word_1_57' title='bbox 1414 688 1480 753; x_wconf 72' lang='grc' dir='ltr'>τῷ</span> <span class='ocrx_word' id='word_1_58' title='bbox 1519 685 1714 754; x_wconf 51' lang='grc' dir='ltr'>πολεζιιῳ</span> 
     </span>
     <span class='ocr_line' id='line_1_8' title="bbox 203 768 1808 837; baseline -0.001 -17"><span class='ocrx_word' id='word_1_59' title='bbox 203 769 526 835; x_wconf 77' lang='grc' dir='ltr'>παρέστησαν,</span> <span class='ocrx_word' id='word_1_60' title='bbox 559 768 691 835; x_wconf 51' lang='grc' dir='ltr'>1’πρὶν</span> <span class='ocrx_word' id='word_1_61' title='bbox 734 768 787 819; x_wconf 80' lang='grc' dir='ltr'>τὸ</span> <span class='ocrx_word' id='word_1_62' title='bbox 831 768 1044 819; x_wconf 79' lang='grc' dir='ltr'>ναυτικὸν</span> <span class='ocrx_word' id='word_1_63' title='bbox 1086 770 1238 819; x_wconf 79' lang='grc' dir='ltr'>αὐτῶν</span> <span class='ocrx_word' id='word_1_64' title='bbox 1278 769 1511 820; x_wconf 82' lang='grc' dir='ltr'>ἀπώλετο.</span> <span class='ocrx_word' id='word_1_65' title='bbox 1556 773 1630 819; x_wconf 74' lang='grc' dir='ltr'>καὶ</span> <span class='ocrx_word' id='word_1_66' title='bbox 1670 770 1718 819; x_wconf 89' lang='grc' dir='ltr'>τί</span> <span class='ocrx_word' id='word_1_67' title='bbox 1726 783 1808 837; x_wconf 86' lang='lat'>598</span> 
     </span>
     <span class='ocr_line' id='line_1_9' title="bbox 203 851 1715 919; baseline 0.002 -17"><span class='ocrx_word' id='word_1_68' title='bbox 203 855 274 902; x_wconf 97' lang='grc' dir='ltr'>δεῖ</span> <span class='ocrx_word' id='word_1_69' title='bbox 293 851 351 902; x_wconf 79' lang='grc' dir='ltr'>τὰ</span> <span class='ocrx_word' id='word_1_70' title='bbox 375 852 557 903; x_wconf 77' lang='grc' dir='ltr'>παλαιὰ</span> <span class='ocrx_word' id='word_1_71' title='bbox 583 853 736 919; x_wconf 78' lang='grc' dir='ltr'>λέγειν</span> <span class='ocrx_word' id='word_1_72' title='bbox 759 875 770 914; x_wconf 83' lang='grc'><strong>;</strong></span> <span class='ocrx_word' id='word_1_73' title='bbox 814 852 897 903; x_wconf 79' lang='grc' dir='ltr'>τὸν</span> <span class='ocrx_word' id='word_1_74' title='bbox 929 858 1193 903; x_wconf 89' lang='grc' dir='ltr'>τελευταῖον</span> <span class='ocrx_word' id='word_1_75' title='bbox 1220 852 1311 918; x_wconf 80' lang='grc' dir='ltr'>γὰρ</span> <span class='ocrx_word' id='word_1_76' title='bbox 1348 852 1464 915; x_wconf 77' lang='grc' dir='ltr'>ἴστε,</span> <span class='ocrx_word' id='word_1_77' title='bbox 1490 851 1572 902; x_wconf 83' lang='grc' dir='ltr'>τὸν</span> <span class='ocrx_word' id='word_1_78' title='bbox 1596 851 1715 919; x_wconf 80' lang='grc' dir='ltr'>πρὸς</span> 
     </span>
     <span class='ocr_line' id='line_1_10' title="bbox 203 935 1714 1000; baseline 0.001 -15"><span class='ocrx_word' id='word_1_79' title='bbox 203 937 607 999; x_wconf 87' lang='grc' dir='ltr'>Λακεδαιμονίους,</span> <span class='ocrx_word' id='word_1_80' title='bbox 656 935 880 1000; x_wconf 91' lang='grc' dir='ltr'>πόλεμον,</span> <span class='ocrx_word' id='word_1_81' title='bbox 933 936 1007 987; x_wconf 79' lang='grc' dir='ltr'>ὅτε</span> <span class='ocrx_word' id='word_1_82' title='bbox 1057 935 1142 999; x_wconf 76' lang='grc' dir='ltr'>μὲν</span> <span class='ocrx_word' id='word_1_83' title='bbox 1203 942 1312 989; x_wconf 84' lang='grc' dir='ltr'>ναῦς</span> <span class='ocrx_word' id='word_1_84' title='bbox 1376 937 1457 986; x_wconf 80' lang='grc' dir='ltr'>οὐκ</span> <span class='ocrx_word' id='word_1_85' title='bbox 1520 937 1714 987; x_wconf 81' lang='grc' dir='ltr'>ἐδοκεῖτε</span> 
     </span>
     <span class='ocr_line' id='line_1_11' title="bbox 201 1019 1708 1086; baseline 0 -17"><span class='ocrx_word' id='word_1_86' title='bbox 201 1021 481 1071; x_wconf 85' lang='grc' dir='ltr'>ἀποστεῖλαι</span> <span class='ocrx_word' id='word_1_87' title='bbox 518 1020 819 1083; x_wconf 86' lang='grc' dir='ltr'>δυνήσεσθαι,</span> <span class='ocrx_word' id='word_1_88' title='bbox 851 1025 951 1074; x_wconf 81' lang='grc' dir='ltr'>πῶς</span> <span class='ocrx_word' id='word_1_89' title='bbox 983 1020 1157 1071; x_wconf 76' lang='grc' dir='ltr'>διέκειθ’</span> <span class='ocrx_word' id='word_1_90' title='bbox 1196 1021 1223 1083; x_wconf 84' lang='grc' dir='ltr'>ἡ</span> <span class='ocrx_word' id='word_1_91' title='bbox 1264 1020 1417 1073; x_wconf 80' lang='grc' dir='ltr'>πόλις.</span> <span class='ocrx_word' id='word_1_92' title='bbox 1462 1020 1563 1069; x_wconf 84' lang='grc' dir='ltr'>’ίστε</span> <span class='ocrx_word' id='word_1_93' title='bbox 1599 1019 1708 1086; x_wconf 87' lang='grc' dir='ltr'>ὀρό-</span> 
     </span>
     <span class='ocr_line' id='line_1_12' title="bbox 200 1103 1742 1170; baseline 0.001 -17"><span class='ocrx_word' id='word_1_94' title='bbox 200 1108 314 1164; x_wconf 81' lang='grc' dir='ltr'>βους</span> <span class='ocrx_word' id='word_1_95' title='bbox 360 1103 495 1157; x_wconf 78' lang='grc' dir='ltr'>ὄντας</span> <span class='ocrx_word' id='word_1_96' title='bbox 540 1106 716 1158; x_wconf 87' lang='grc' dir='ltr'>ὠνίους.</span> <span class='ocrx_word' id='word_1_97' title='bbox 759 1104 913 1168; x_wconf 80' lang='grc' dir='ltr'>ἐπειδὴ</span> <span class='ocrx_word' id='word_1_98' title='bbox 954 1106 991 1155; x_wconf 85' lang='grc' dir='ltr'>δ’</span> <span class='ocrx_word' id='word_1_99' title='bbox 1029 1104 1351 1166; x_wconf 79' lang='grc' dir='ltr'>ἀπεστείλατε,</span> <span class='ocrx_word' id='word_1_100' title='bbox 1395 1103 1574 1170; x_wconf 79' lang='grc' dir='ltr'>εἰρήνης</span> <span class='ocrx_word' id='word_1_101' title='bbox 1613 1105 1742 1155; x_wconf 82' lang='grc' dir='ltr'>ε’τύ-5</span> 
     </span>
     <span class='ocr_line' id='line_1_13' title="bbox 140 1186 1713 1254; baseline 0.003 -18"><span class='ocrx_word' id='word_1_102' title='bbox 140 1205 189 1245; x_wconf 90' lang='grc'>19</span> <span class='ocrx_word' id='word_1_103' title='bbox 202 1209 306 1254; x_wconf 82' lang='grc' dir='ltr'>χετε</span> <span class='ocrx_word' id='word_1_104' title='bbox 348 1188 509 1241; x_wconf 85' lang='grc' dir='ltr'>ὁποίας</span> <span class='ocrx_word' id='word_1_105' title='bbox 548 1187 671 1241; x_wconf 81' lang='grc' dir='ltr'>τινὸς</span> <span class='ocrx_word' id='word_1_106' title='bbox 717 1188 1003 1252; x_wconf 77' lang='grc' dir='ltr'>ἠβούλεσθε.</span> <span class='ocrx_word' id='word_1_107' title='bbox 1065 1186 1189 1239; x_wconf 73' lang='grc' dir='ltr'>ὥστε</span> <span class='ocrx_word' id='word_1_108' title='bbox 1235 1189 1432 1250; x_wconf 86' lang='grc' dir='ltr'>δικαίως,</span> <span class='ocrx_word' id='word_1_109' title='bbox 1473 1186 1509 1238; x_wconf 75' lang='grc' dir='ltr'><em>ὦ</em></span> <span class='ocrx_word' id='word_1_110' title='bbox 1549 1188 1713 1254; x_wconf 75' lang='grc' dir='ltr'>ἄνδρες</span> 
     </span>
     <span class='ocr_line' id='line_1_14' title="bbox 203 1271 1712 1339; baseline 0 -17"><span class='ocrx_word' id='word_1_111' title='bbox 203 1275 455 1335; x_wconf 88' lang='grc' dir='ltr'>Ἀθηναῖοι,</span> <span class='ocrx_word' id='word_1_112' title='bbox 495 1271 779 1337; x_wconf 83' lang='grc' dir='ltr'>τηλικαύτην</span> <span class='ocrx_word' id='word_1_113' title='bbox 821 1274 1033 1339; x_wconf 80' lang='grc' dir='ltr'>ἐχουσῶν</span> <span class='ocrx_word' id='word_1_114' title='bbox 1078 1271 1228 1338; x_wconf 87' lang='grc' dir='ltr'>ῥοπὴν</span> <span class='ocrx_word' id='word_1_115' title='bbox 1274 1273 1345 1339; x_wconf 82' lang='grc' dir='ltr'>ἐφ’</span> <span class='ocrx_word' id='word_1_116' title='bbox 1387 1271 1579 1338; x_wconf 85' lang='grc' dir='ltr'>ἑκάτερα</span> <span class='ocrx_word' id='word_1_117' title='bbox 1618 1277 1712 1322; x_wconf 83' lang='grc' dir='ltr'>τῶν</span> 
     </span>
     <span class='ocr_line' id='line_1_15' title="bbox 199 1354 1718 1423; baseline 0.001 -18"><span class='ocrx_word' id='word_1_118' title='bbox 199 1354 410 1421; x_wconf 87' lang='grc' dir='ltr'>τριήρων,</span> <span class='ocrx_word' id='word_1_119' title='bbox 438 1362 603 1406; x_wconf 83' lang='grc' dir='ltr'>τοῦτον</span> <span class='ocrx_word' id='word_1_120' title='bbox 630 1357 739 1422; x_wconf 80' lang='grc' dir='ltr'>ὅρον</span> <span class='ocrx_word' id='word_1_121' title='bbox 765 1358 994 1407; x_wconf 88' lang='grc' dir='ltr'>τεθείκατε</span> <span class='ocrx_word' id='word_1_122' title='bbox 1021 1360 1079 1422; x_wconf 84' lang='grc' dir='ltr'>τῇ</span> <span class='ocrx_word' id='word_1_123' title='bbox 1105 1359 1274 1423; x_wconf 76' lang='grc' dir='ltr'>βουλῇ,</span> <span class='ocrx_word' id='word_1_124' title='bbox 1301 1355 1456 1421; x_wconf 87' lang='grc' dir='ltr'>πότερ’</span> <span class='ocrx_word' id='word_1_125' title='bbox 1480 1355 1624 1419; x_wconf 80' lang='grc' dir='ltr'>αὐτὴν</span> <span class='ocrx_word' id='word_1_126' title='bbox 1648 1359 1718 1406; x_wconf 92' lang='grc' dir='ltr'>δεῖ</span> 
     </span>
     <span class='ocr_line' id='line_1_16' title="bbox 200 1435 1708 1504; baseline 0.001 -17"><span class='ocrx_word' id='word_1_127' title='bbox 200 1435 392 1499; x_wconf 65' lang='grc' dir='ltr'>Ιςλαβεῖν</span> <span class='ocrx_word' id='word_1_128' title='bbox 429 1439 514 1502; x_wconf 84' lang='grc' dir='ltr'>τὴν</span> <span class='ocrx_word' id='word_1_129' title='bbox 554 1438 730 1503; x_wconf 75' lang='grc' dir='ltr'>δωρεὰν</span> <span class='ocrx_word' id='word_1_130' title='bbox 771 1438 798 1504; x_wconf 85' lang='grc' dir='ltr'>ὴ</span> <span class='ocrx_word' id='word_1_131' title='bbox 835 1441 901 1491; x_wconf 82' lang='grc' dir='ltr'>οὕ.</span> <span class='ocrx_word' id='word_1_132' title='bbox 941 1444 976 1489; x_wconf 81' lang='grc' dir='ltr'>εἷ</span> <span class='ocrx_word' id='word_1_133' title='bbox 1017 1438 1110 1504; x_wconf 78' lang='grc' dir='ltr'>γὰρ</span> <span class='ocrx_word' id='word_1_134' title='bbox 1145 1438 1317 1490; x_wconf 84' lang='grc' dir='ltr'>1πάντα</span> <span class='ocrx_word' id='word_1_135' title='bbox 1358 1440 1517 1489; x_wconf 76' lang='grc' dir='ltr'>τᾶλλα</span> <span class='ocrx_word' id='word_1_136' title='bbox 1556 1443 1708 1489; x_wconf 64' lang='grc' dir='ltr'>Ῑῃδιοι-</span> 
     </span>
     <span class='ocr_line' id='line_1_17' title="bbox 200 1520 1765 1592; baseline -0.001 -20"><span class='ocrx_word' id='word_1_137' title='bbox 200 1520 355 1585; x_wconf 86' lang='grc' dir='ltr'>κήσειε</span> <span class='ocrx_word' id='word_1_138' title='bbox 395 1527 564 1584; x_wconf 83' lang='grc' dir='ltr'>καλῶς,</span> <span class='ocrx_word' id='word_1_139' title='bbox 602 1526 660 1573; x_wconf 75' lang='grc' dir='ltr'>δι’</span> <span class='ocrx_word' id='word_1_140' title='bbox 699 1521 763 1573; x_wconf 76' lang='grc' dir='ltr'>ὧν</span> <span class='ocrx_word' id='word_1_141' title='bbox 797 1522 845 1573; x_wconf 76' lang='grc' dir='ltr'>δὲ</span> <span class='ocrx_word' id='word_1_142' title='bbox 880 1522 958 1573; x_wconf 82' lang='grc' dir='ltr'>ΙΙτό</span> <span class='ocrx_word' id='word_1_143' title='bbox 991 1525 1028 1573; x_wconf 91' lang='grc' dir='ltr'>τ’</span> <span class='ocrx_word' id='word_1_144' title='bbox 1067 1525 1124 1592; x_wconf 76' lang='grc' dir='ltr'>ἐξ</span> <span class='ocrx_word' id='word_1_145' title='bbox 1161 1526 1308 1590; x_wconf 80' lang='grc' dir='ltr'>ἀρχῆς</span> <span class='ocrx_word' id='word_1_146' title='bbox 1343 1525 1468 1574; x_wconf 79' lang='grc' dir='ltr'>ταῦτ’</span> <span class='ocrx_word' id='word_1_147' title='bbox 1504 1523 1706 1587; x_wconf 83' lang='grc' dir='ltr'>ἐκτησά-</span> <span class='ocrx_word' id='word_1_148' title='bbox 1728 1550 1765 1571; x_wconf 90' lang='lat'>10</span> 
     </span>
     <span class='ocr_line' id='line_1_18' title="bbox 197 1605 1712 1673; baseline 0.001 -18"><span class='ocrx_word' id='word_1_149' title='bbox 197 1609 317 1668; x_wconf 92' lang='grc' dir='ltr'>μεθα</span> <span class='ocrx_word' id='word_1_150' title='bbox 355 1608 430 1656; x_wconf 78' lang='grc' dir='ltr'>καὶ</span> <span class='ocrx_word' id='word_1_151' title='bbox 475 1613 556 1656; x_wconf 82' lang='grc' dir='ltr'>νῦν</span> <span class='ocrx_word' id='word_1_152' title='bbox 594 1607 819 1672; x_wconf 73' lang='grc' dir='ltr'>σώζομεν,</span> <span class='ocrx_word' id='word_1_153' title='bbox 856 1606 1026 1659; x_wconf 81' lang='grc' dir='ltr'>ταύτας</span> <span class='ocrx_word' id='word_1_154' title='bbox 1060 1606 1126 1670; x_wconf 88' lang='grc' dir='ltr'>μὴ</span> <span class='ocrx_word' id='word_1_155' title='bbox 1167 1606 1432 1669; x_wconf 87' lang='grc' dir='ltr'>ποιήσαιτο,</span> <span class='ocrx_word' id='word_1_156' title='bbox 1467 1605 1550 1660; x_wconf 78' lang='grc' dir='ltr'>τὰς</span> <span class='ocrx_word' id='word_1_157' title='bbox 1584 1606 1712 1673; x_wconf 90' lang='grc' dir='ltr'>τριή-</span> 
     </span>
     <span class='ocr_line' id='line_1_19' title="bbox 198 1688 1706 1758; baseline 0 -19"><span class='ocrx_word' id='word_1_158' title='bbox 198 1711 290 1753; x_wconf 85' lang='grc' dir='ltr'>ρεις</span> <span class='ocrx_word' id='word_1_159' title='bbox 326 1690 466 1754; x_wconf 76' lang='grc' dir='ltr'>λέγω,</span> <span class='ocrx_word' id='word_1_160' title='bbox 495 1688 627 1740; x_wconf 79' lang='grc' dir='ltr'>οὐδὲν</span> <span class='ocrx_word' id='word_1_161' title='bbox 651 1691 834 1740; x_wconf 86' lang='grc' dir='ltr'>ἐκείνων</span> <span class='ocrx_word' id='word_1_162' title='bbox 861 1689 1050 1758; x_wconf 76' lang='grc' dir='ltr'>ὄφελος·</span> <span class='ocrx_word' id='word_1_163' title='bbox 1091 1691 1176 1754; x_wconf 86' lang='grc' dir='ltr'>τὴν</span> <span class='ocrx_word' id='word_1_164' title='bbox 1202 1689 1294 1756; x_wconf 79' lang='grc' dir='ltr'>γὰρ</span> <span class='ocrx_word' id='word_1_165' title='bbox 1328 1694 1422 1740; x_wconf 78' lang='grc' dir='ltr'>τῶν</span> <span class='ocrx_word' id='word_1_166' title='bbox 1453 1689 1579 1740; x_wconf 77' lang='grc' dir='ltr'>ὅλων</span> <span class='ocrx_word' id='word_1_167' title='bbox 1606 1712 1706 1740; x_wconf 87' lang='grc' dir='ltr'>σω-</span> 
     </span>
     <span class='ocr_line' id='line_1_20' title="bbox 197 1772 1706 1842; baseline 0.001 -20"><span class='ocrx_word' id='word_1_168' title='bbox 197 1774 359 1838; x_wconf 87' lang='grc' dir='ltr'>τηρίαν</span> <span class='ocrx_word' id='word_1_169' title='bbox 388 1778 576 1839; x_wconf 83' lang='grc' dir='ltr'>πρῶτον</span> <span class='ocrx_word' id='word_1_170' title='bbox 613 1772 835 1841; x_wconf 77' lang='grc' dir='ltr'>ὑπάρχειν</span> <span class='ocrx_word' id='word_1_171' title='bbox 870 1777 942 1824; x_wconf 86' lang='grc' dir='ltr'>δεῖ</span> <span class='ocrx_word' id='word_1_172' title='bbox 973 1774 1424 1839; x_wconf 69' lang='grc' dir='ltr'>παρεσκευασμένην</span> <span class='ocrx_word' id='word_1_173' title='bbox 1457 1777 1523 1842; x_wconf 72' lang='grc' dir='ltr'>τῷ</span> <span class='ocrx_word' id='word_1_174' title='bbox 1558 1772 1706 1841; x_wconf 75' lang='grc' dir='ltr'>δήμῳ.</span> 
     </span>
     <span class='ocr_line' id='line_1_21' title="bbox 136 1856 1761 1926; baseline 0.004 -23"><span class='ocrx_word' id='word_1_175' title='bbox 136 1874 188 1903; x_wconf 82' lang='lat'>20</span> <span class='ocrx_word' id='word_1_176' title='bbox 198 1856 331 1910; x_wconf 76' lang='grc' dir='ltr'>οὗτος</span> <span class='ocrx_word' id='word_1_177' title='bbox 355 1859 509 1908; x_wconf 86' lang='grc' dir='ltr'>τοίνυν</span> <span class='ocrx_word' id='word_1_178' title='bbox 530 1861 591 1911; x_wconf 80' lang='grc' dir='ltr'>εἷς</span> <span class='ocrx_word' id='word_1_179' title='bbox 616 1859 739 1908; x_wconf 84' lang='grc' dir='ltr'>τοῦτ’</span> <span class='ocrx_word' id='word_1_180' title='bbox 762 1858 962 1923; x_wconf 84' lang='grc' dir='ltr'>ἐλήλυθε</span> <span class='ocrx_word' id='word_1_181' title='bbox 989 1865 1071 1909; x_wconf 85' lang='grc' dir='ltr'>τοῦ</span> <span class='ocrx_word' id='word_1_182' title='bbox 1099 1859 1294 1924; x_wconf 73' lang='grc' dir='ltr'>νομίζειν</span> <span class='ocrx_word' id='word_1_183' title='bbox 1315 1860 1439 1926; x_wconf 69' lang='grc' dir='ltr'>αὑτῷ</span> <span class='ocrx_word' id='word_1_184' title='bbox 1460 1860 1534 1908; x_wconf 76' lang='grc' dir='ltr'>καὶ</span> <span class='ocrx_word' id='word_1_185' title='bbox 1555 1859 1710 1923; x_wconf 75' lang='grc' dir='ltr'>λέγειν</span> <span class='ocrx_word' id='word_1_186' title='bbox 1727 1878 1761 1910; x_wconf 85' lang='lat'>¹5</span> 
     </span>
     <span class='ocr_line' id='line_1_22' title="bbox 198 1938 1706 2010; baseline 0.001 -20"><span class='ocrx_word' id='word_1_187' title='bbox 198 1942 271 1990; x_wconf 77' lang='grc' dir='ltr'>καὶ</span> <span class='ocrx_word' id='word_1_188' title='bbox 306 1940 505 2010; x_wconf 86' lang='grc' dir='ltr'>γράφειν</span> <span class='ocrx_word' id='word_1_189' title='bbox 536 1941 703 2009; x_wconf 73' lang='grc' dir='ltr'>ἐξεῖναι</span> <span class='ocrx_word' id='word_1_190' title='bbox 741 1947 836 1993; x_wconf 82' lang='grc' dir='ltr'>πᾶν</span> <span class='ocrx_word' id='word_1_191' title='bbox 871 1942 896 1992; x_wconf 80' lang='grc' dir='ltr'>ὅ</span> <span class='ocrx_word' id='word_1_192' title='bbox 928 1965 972 1992; x_wconf 92' lang='grc' dir='ltr'>τι</span> <span class='ocrx_word' id='word_1_193' title='bbox 1008 1941 1064 1992; x_wconf 79' lang='grc' dir='ltr'>ἂν</span> <span class='ocrx_word' id='word_1_194' title='bbox 1098 1940 1345 2004; x_wconf 75' lang='grc' dir='ltr'>βούληται,</span> <span class='ocrx_word' id='word_1_195' title='bbox 1373 1938 1497 1991; x_wconf 74' lang='grc' dir='ltr'>ὥστε</span> <span class='ocrx_word' id='word_1_196' title='bbox 1530 1946 1706 2001; x_wconf 78' lang='grc' dir='ltr'>βεβου-</span> 
     </span>
     <span class='ocr_line' id='line_1_23' title="bbox 197 2023 1709 2092; baseline 0.004 -19"><span class='ocrx_word' id='word_1_197' title='bbox 197 2025 407 2078; x_wconf 88' lang='grc' dir='ltr'>λευκυίας</span> <span class='ocrx_word' id='word_1_198' title='bbox 432 2023 518 2087; x_wconf 76' lang='grc' dir='ltr'>μὲν</span> <span class='ocrx_word' id='word_1_199' title='bbox 543 2026 703 2075; x_wconf 75' lang='grc' dir='ltr'>τᾶλλα</span> <span class='ocrx_word' id='word_1_200' title='bbox 729 2024 781 2076; x_wconf 74' lang='grc' dir='ltr'>ὃν</span> <span class='ocrx_word' id='word_1_201' title='bbox 808 2024 983 2092; x_wconf 86' lang='grc' dir='ltr'>τρόπον</span> <span class='ocrx_word' id='word_1_202' title='bbox 1010 2028 1135 2089; x_wconf 87' lang='grc' dir='ltr'>ὑμεῖς</span> <span class='ocrx_word' id='word_1_203' title='bbox 1172 2024 1359 2075; x_wconf 82' lang='grc' dir='ltr'>ἀκούετε</span> <span class='ocrx_word' id='word_1_204' title='bbox 1397 2028 1479 2088; x_wconf 81' lang='grc' dir='ltr'>τῆς</span> <span class='ocrx_word' id='word_1_205' title='bbox 1517 2028 1709 2089; x_wconf 75' lang='grc' dir='ltr'>βουλῆς,</span> 
     </span>
     <span class='ocr_line' id='line_1_24' title="bbox 195 2108 1704 2178; baseline 0.002 -21"><span class='ocrx_word' id='word_1_206' title='bbox 195 2108 248 2157; x_wconf 84' lang='grc' dir='ltr'>οὐ</span> <span class='ocrx_word' id='word_1_207' title='bbox 272 2108 582 2172; x_wconf 77' lang='grc' dir='ltr'>πεποιημένης</span> <span class='ocrx_word' id='word_1_208' title='bbox 609 2109 656 2160; x_wconf 70' lang='grc' dir='ltr'>δὲ</span> <span class='ocrx_word' id='word_1_209' title='bbox 691 2109 774 2163; x_wconf 80' lang='grc' dir='ltr'>τὰς</span> <span class='ocrx_word' id='word_1_210' title='bbox 812 2109 1021 2176; x_wconf 83' lang='grc' dir='ltr'>τριήρεις,</span> <span class='ocrx_word' id='word_1_211' title='bbox 1049 2109 1259 2178; x_wconf 75' lang='grc' dir='ltr'>γέγραφε</span> <span class='ocrx_word' id='word_1_212' title='bbox 1299 2111 1455 2159; x_wconf 83' lang='grc' dir='ltr'>δοῦναι</span> <span class='ocrx_word' id='word_1_213' title='bbox 1490 2108 1576 2173; x_wconf 81' lang='grc' dir='ltr'>τὴν</span> <span class='ocrx_word' id='word_1_214' title='bbox 1613 2113 1704 2160; x_wconf 90' lang='grc' dir='ltr'>δω-</span> 
     </span>
     <span class='ocr_line' id='line_1_25' title="bbox 195 2190 318 2256; baseline 0.016 -16"><span class='ocrx_word' id='word_1_215' title='bbox 195 2190 318 2256; x_wconf 87' lang='grc' dir='ltr'>ρεάν.</span> 
     </span>
     <span class='ocr_line' id='line_1_26' title="bbox 136 2276 1705 2345; baseline 0.002 -21"><span class='ocrx_word' id='word_1_216' title='bbox 136 2297 182 2327; x_wconf 82' lang='lat'>21</span> <span class='ocrx_word' id='word_1_217' title='bbox 273 2276 367 2325; x_wconf 80' lang='grc' dir='ltr'>Καὶ</span> <span class='ocrx_word' id='word_1_218' title='bbox 404 2282 551 2327; x_wconf 81' lang='grc' dir='ltr'>ταῦτα</span> <span class='ocrx_word' id='word_1_219' title='bbox 589 2277 698 2340; x_wconf 78' lang='grc' dir='ltr'>ομὲν</span> <span class='ocrx_word' id='word_1_220' title='bbox 733 2281 795 2332; x_wconf 89' lang='grc' dir='ltr'>ὡς</span> <span class='ocrx_word' id='word_1_221' title='bbox 836 2280 916 2328; x_wconf 65' lang='lat' dir='ltr'>p01}</span> <span class='ocrx_word' id='word_1_222' title='bbox 956 2278 1086 2345; x_wconf 82' lang='grc' dir='ltr'>παρὰ</span> <span class='ocrx_word' id='word_1_223' title='bbox 1127 2277 1210 2328; x_wconf 78' lang='grc' dir='ltr'>τὸν</span> <span class='ocrx_word' id='word_1_224' title='bbox 1245 2277 1388 2342; x_wconf 91' lang='grc' dir='ltr'>νόμον</span> <span class='ocrx_word' id='word_1_225' title='bbox 1427 2279 1571 2341; x_wconf 79' lang='grc' dir='ltr'>ἐστὶν,</span> <span class='ocrx_word' id='word_1_226' title='bbox 1614 2278 1705 2328; x_wconf 75' lang='grc' dir='ltr'>οὔτ’</span> 
     </span>
     <span class='ocr_line' id='line_1_27' title="bbox 197 2355 1762 2427; baseline 0.003 -20"><span class='ocrx_word' id='word_1_227' title='bbox 197 2355 253 2408; x_wconf 79' lang='grc' dir='ltr'>ἂν</span> <span class='ocrx_word' id='word_1_228' title='bbox 287 2359 446 2412; x_wconf 48' lang='grc' dir='ltr'>(ὶοῦτος</span> <span class='ocrx_word' id='word_1_229' title='bbox 484 2360 581 2427; x_wconf 69' lang='grc' dir='ltr'>ε”χοι</span> <span class='ocrx_word' id='word_1_230' title='bbox 617 2361 771 2426; x_wconf 74' lang='grc' dir='ltr'>λέγειν</span> <span class='ocrx_word' id='word_1_231' title='bbox 812 2363 906 2412; x_wconf 78' lang='grc' dir='ltr'>οὔθ’</span> <span class='ocrx_word' id='word_1_232' title='bbox 946 2364 1070 2425; x_wconf 86' lang='grc' dir='ltr'>ὑμεῖς</span> <span class='ocrx_word' id='word_1_233' title='bbox 1107 2363 1361 2425; x_wconf 84' lang='grc' dir='ltr'>πεισθείητ’</span> <span class='ocrx_word' id='word_1_234' title='bbox 1400 2361 1494 2412; x_wconf 67' lang='grc' dir='ltr'>1ὀἷ’ν·</span> <span class='ocrx_word' id='word_1_235' title='bbox 1554 2361 1707 2412; x_wconf 82' lang='grc' dir='ltr'>ἀκούω</span> <span class='ocrx_word' id='word_1_236' title='bbox 1721 2385 1762 2406; x_wconf 77' lang='lat'>20</span> 
     </span>
    </p>
   </div>
   <div class='ocr_carea' id='block_1_3' title="bbox 198 2440 1707 2513">
    <p class='ocr_par' dir='ltr' id='par_1_3' title="bbox 198 2440 1707 2513">
     <span class='ocr_line' id='line_1_28' title="bbox 198 2440 1707 2513; baseline 0.005 -23"><span class='ocrx_word' id='word_1_237' title='bbox 198 2441 234 2488; x_wconf 86' lang='grc' dir='ltr'>δ’</span> <span class='ocrx_word' id='word_1_238' title='bbox 275 2440 414 2492; x_wconf 82' lang='grc' dir='ltr'>αὐτὸν</span> <span class='ocrx_word' id='word_1_239' title='bbox 453 2449 683 2495; x_wconf 76' lang='grc' dir='ltr'>5τοιοῦτον</span> <span class='ocrx_word' id='word_1_240' title='bbox 725 2445 863 2511; x_wconf 49' lang='grc' dir='ltr'>ῒέρεῖν</span> <span class='ocrx_word' id='word_1_241' title='bbox 897 2445 1001 2496; x_wconf 78' lang='grc' dir='ltr'>τινὰ</span> <span class='ocrx_word' id='word_1_242' title='bbox 1036 2447 1084 2496; x_wconf 87' lang='grc' dir='ltr'>ἐν</span> <span class='ocrx_word' id='word_1_243' title='bbox 1125 2448 1230 2509; x_wconf 86' lang='grc' dir='ltr'>ὑμῖν</span> <span class='ocrx_word' id='word_1_244' title='bbox 1268 2445 1429 2512; x_wconf 85' lang='grc' dir='ltr'>λόγον,</span> <span class='ocrx_word' id='word_1_245' title='bbox 1467 2450 1529 2501; x_wconf 86' lang='grc' dir='ltr'>ὡς</span> <span class='ocrx_word' id='word_1_246' title='bbox 1555 2447 1641 2513; x_wconf 81' lang='grc' dir='ltr'>οὐχ</span> <span class='ocrx_word' id='word_1_247' title='bbox 1679 2445 1707 2508; x_wconf 85' lang='grc' dir='ltr'>ἡ</span> 
     </span>
    </p>
   </div>
   <div class='ocr_carea' id='block_1_4' title="bbox 193 2617 1707 3036">
    <p class='ocr_par' dir='ltr' id='par_1_4' title="bbox 193 2617 1707 3036">
     <span class='ocr_line' id='line_1_29' title="bbox 252 2617 1707 2668; baseline 0.002 -15"><span class='ocrx_word' id='word_1_248' title='bbox 252 2617 268 2643; x_wconf 87' lang='lat' dir='ltr'>f</span> <span class='ocrx_word' id='word_1_249' title='bbox 282 2621 354 2664; x_wconf 78' lang='grc' dir='ltr'>ἔχοι</span> <span class='ocrx_word' id='word_1_250' title='bbox 372 2635 423 2656; x_wconf 83' lang='grc' dir='ltr'>τις</span> <span class='ocrx_word' id='word_1_251' title='bbox 441 2620 497 2667; x_wconf 86' lang='grc' dir='ltr'>ἂν]</span> <span class='ocrx_word' id='word_1_252' title='bbox 522 2620 561 2656; x_wconf 82' lang='grc' dir='ltr'>ἂν</span> <span class='ocrx_word' id='word_1_253' title='bbox 581 2624 654 2667; x_wconf 76' lang='grc' dir='ltr'>ἔχοι</span> <span class='ocrx_word' id='word_1_254' title='bbox 673 2638 724 2658; x_wconf 85' lang='grc' dir='ltr'>τις</span> <span class='ocrx_word' id='word_1_255' title='bbox 742 2624 785 2656; x_wconf 86' lang='lat' dir='ltr'>A.</span> <span class='ocrx_word' id='word_1_256' title='bbox 816 2623 855 2656; x_wconf 85' lang='lat' dir='ltr'><em>‹&#39;1‘v</em></span> <span class='ocrx_word' id='word_1_257' title='bbox 875 2638 925 2658; x_wconf 80' lang='grc' dir='ltr'>τις</span> <span class='ocrx_word' id='word_1_258' title='bbox 943 2625 1016 2668; x_wconf 76' lang='grc' dir='ltr'>ἔχοι</span> <span class='ocrx_word' id='word_1_259' title='bbox 1049 2625 1083 2658; x_wconf 88' lang='lat' dir='ltr'>k.</span> <span class='ocrx_word' id='word_1_260' title='bbox 1196 2629 1216 2657; x_wconf 69' lang='lat' dir='ltr'>g</span> <span class='ocrx_word' id='word_1_261' title='bbox 1234 2625 1328 2657; x_wconf 87' lang='grc' dir='ltr'>πόσα</span> <span class='ocrx_word' id='word_1_262' title='bbox 1348 2636 1418 2659; x_wconf 89' lang='lat' dir='ltr'>om.</span> <span class='ocrx_word' id='word_1_263' title='bbox 1442 2636 1468 2657; x_wconf 88' lang='lat' dir='ltr'>S.</span> <span class='ocrx_word' id='word_1_264' title='bbox 1571 2620 1590 2647; x_wconf 79' lang='lat' dir='ltr'><strong>h</strong></span> <span class='ocrx_word' id='word_1_265' title='bbox 1607 2628 1707 2656; x_wconf 88' lang='grc' dir='ltr'>Δεκε-</span> 
     </span>
     <span class='ocr_line' id='line_1_30' title="bbox 196 2672 1700 2723; baseline 0.003 -18"><span class='ocrx_word' id='word_1_266' title='bbox 196 2672 325 2718; x_wconf 80' lang='grc' dir='ltr'>λεικοῦ]</span> <span class='ocrx_word' id='word_1_267' title='bbox 349 2674 519 2709; x_wconf 84' lang='grc' dir='ltr'>δεκελικοῦ</span> <span class='ocrx_word' id='word_1_268' title='bbox 538 2677 574 2710; x_wconf 87' lang='lat' dir='ltr'>k.</span> <span class='ocrx_word' id='word_1_269' title='bbox 672 2673 682 2700; x_wconf 72' lang='lat' dir='ltr'><strong>i</strong></span> <span class='ocrx_word' id='word_1_270' title='bbox 701 2677 858 2722; x_wconf 83' lang='grc' dir='ltr'>πολλῶν]</span> <span class='ocrx_word' id='word_1_271' title='bbox 883 2678 1023 2710; x_wconf 84' lang='grc' dir='ltr'>πολλῶν</span> <span class='ocrx_word' id='word_1_272' title='bbox 1041 2678 1107 2723; x_wconf 73' lang='grc' dir='ltr'>’γὰρ</span> <span class='ocrx_word' id='word_1_273' title='bbox 1128 2678 1168 2711; x_wconf 85' lang='lat' dir='ltr'>F.</span> <span class='ocrx_word' id='word_1_274' title='bbox 1199 2679 1340 2710; x_wconf 81' lang='grc' dir='ltr'>πολλῶν</span> <span class='ocrx_word' id='word_1_275' title='bbox 1359 2691 1395 2710; x_wconf 88' lang='grc' dir='ltr'>τε</span> <span class='ocrx_word' id='word_1_276' title='bbox 1414 2683 1475 2710; x_wconf 85' lang='lat' dir='ltr'><strong>t.v.</strong></span> <span class='ocrx_word' id='word_1_277' title='bbox 1568 2672 1580 2708; x_wconf 77' lang='lat' dir='ltr'>j</span> <span class='ocrx_word' id='word_1_278' title='bbox 1601 2676 1700 2722; x_wconf 76' lang='grc' dir='ltr'>πρὶν]</span> 
     </span>
     <span class='ocr_line' id='line_1_31' title="bbox 196 2725 1705 2776; baseline 0.003 -19"><span class='ocrx_word' id='word_1_279' title='bbox 196 2726 274 2770; x_wconf 80' lang='grc' dir='ltr'>πρὶν</span> <span class='ocrx_word' id='word_1_280' title='bbox 293 2725 311 2769; x_wconf 84' lang='grc' dir='ltr'><em>ἢ</em></span> <span class='ocrx_word' id='word_1_281' title='bbox 330 2727 552 2763; x_wconf 85' lang='lat' dir='ltr'><strong>A.F.k.r.t.v.</strong></span> <span class='ocrx_word' id='word_1_282' title='bbox 626 2725 646 2753; x_wconf 82' lang='lat' dir='ltr'><strong>k</strong></span> <span class='ocrx_word' id='word_1_283' title='bbox 666 2731 786 2768; x_wconf 75' lang='grc' dir='ltr'>λαβεῖν</span> <span class='ocrx_word' id='word_1_284' title='bbox 803 2729 864 2773; x_wconf 85' lang='grc' dir='ltr'>τὴν</span> <span class='ocrx_word' id='word_1_285' title='bbox 883 2729 1027 2776; x_wconf 82' lang='grc' dir='ltr'>δωρεὰν]</span> <span class='ocrx_word' id='word_1_286' title='bbox 1051 2730 1112 2773; x_wconf 86' lang='grc' dir='ltr'>τὴν</span> <span class='ocrx_word' id='word_1_287' title='bbox 1131 2730 1257 2772; x_wconf 84' lang='grc' dir='ltr'>δωρεὰν</span> <span class='ocrx_word' id='word_1_288' title='bbox 1275 2731 1395 2770; x_wconf 80' lang='grc' dir='ltr'>λαβεῖν</span> <span class='ocrx_word' id='word_1_289' title='bbox 1414 2730 1494 2763; x_wconf 88' lang='lat' dir='ltr'><strong>A.k.</strong></span> <span class='ocrx_word' id='word_1_290' title='bbox 1565 2725 1576 2752; x_wconf 81' lang='lat' dir='ltr'>l</span> <span class='ocrx_word' id='word_1_291' title='bbox 1595 2729 1705 2762; x_wconf 89' lang='grc' dir='ltr'>πάντα</span> 
     </span>
     <span class='ocr_line' id='line_1_32' title="bbox 193 2778 1704 2828; baseline 0.003 -18"><span class='ocrx_word' id='word_1_292' title='bbox 193 2778 321 2824; x_wconf 76' lang='grc' dir='ltr'>τᾶλλα]</span> <span class='ocrx_word' id='word_1_293' title='bbox 345 2780 387 2812; x_wconf 87' lang='grc' dir='ltr'>τὰ</span> <span class='ocrx_word' id='word_1_294' title='bbox 404 2779 494 2814; x_wconf 76' lang='grc' dir='ltr'>ἅλλα</span> <span class='ocrx_word' id='word_1_295' title='bbox 512 2782 622 2815; x_wconf 88' lang='grc' dir='ltr'>πάντα</span> <span class='ocrx_word' id='word_1_296' title='bbox 640 2783 722 2816; x_wconf 86' lang='lat' dir='ltr'><strong>A.k.</strong></span> <span class='ocrx_word' id='word_1_297' title='bbox 850 2788 880 2806; x_wconf 81' lang='lat' dir='ltr'><strong>m</strong></span> <span class='ocrx_word' id='word_1_298' title='bbox 900 2782 1097 2828; x_wconf 81' lang='grc' dir='ltr'>διοικήσειε]</span> <span class='ocrx_word' id='word_1_299' title='bbox 1114 2782 1285 2826; x_wconf 50' lang='grc' dir='ltr'>*διοικήσει</span> <span class='ocrx_word' id='word_1_300' title='bbox 1307 2782 1534 2817; x_wconf 83' lang='lat' dir='ltr'>S.Y.O.k.r.s.</span> <span class='ocrx_word' id='word_1_301' title='bbox 1555 2781 1704 2815; x_wconf 84' lang='lat' dir='ltr'>fortasse</span> 
     </span>
     <span class='ocr_line' id='line_1_33' title="bbox 195 2831 1703 2880; baseline 0.003 -17"><span class='ocrx_word' id='word_1_302' title='bbox 195 2842 258 2875; x_wconf 89' lang='lat' dir='ltr'>pro</span> <span class='ocrx_word' id='word_1_303' title='bbox 277 2831 454 2876; x_wconf 77' lang='grc' dir='ltr'>διοικῆσαι,</span> <span class='ocrx_word' id='word_1_304' title='bbox 475 2835 569 2879; x_wconf 89' lang='lat' dir='ltr'><strong>quod</strong></span> <span class='ocrx_word' id='word_1_305' title='bbox 588 2835 706 2879; x_wconf 82' lang='lat' dir='ltr'>posuit</span> <span class='ocrx_word' id='word_1_306' title='bbox 727 2836 855 2869; x_wconf 81' lang='lat' dir='ltr'>Paulus</span> <span class='ocrx_word' id='word_1_307' title='bbox 872 2835 1067 2871; x_wconf 84' lang='lat' dir='ltr'>Manutius.</span> <span class='ocrx_word' id='word_1_308' title='bbox 1143 2841 1158 2856; x_wconf 74' lang='lat'>¹¹</span> <span class='ocrx_word' id='word_1_309' title='bbox 1178 2837 1217 2869; x_wconf 91' lang='grc' dir='ltr'>τό</span> <span class='ocrx_word' id='word_1_310' title='bbox 1236 2838 1265 2869; x_wconf 82' lang='grc' dir='ltr'>τ’</span> <span class='ocrx_word' id='word_1_311' title='bbox 1287 2836 1324 2880; x_wconf 80' lang='grc' dir='ltr'>ἐξ</span> <span class='ocrx_word' id='word_1_312' title='bbox 1343 2835 1448 2880; x_wconf 84' lang='grc' dir='ltr'>ἀρχῆς</span> <span class='ocrx_word' id='word_1_313' title='bbox 1466 2833 1577 2880; x_wconf 82' lang='grc' dir='ltr'>ταῦτ’]</span> <span class='ocrx_word' id='word_1_314' title='bbox 1598 2837 1703 2867; x_wconf 82' lang='grc' dir='ltr'>ταῦτα</span> 
     </span>
     <span class='ocr_line' id='line_1_34' title="bbox 196 2883 1704 2934; baseline 0.004 -18"><span class='ocrx_word' id='word_1_315' title='bbox 196 2883 234 2926; x_wconf 82' lang='grc' dir='ltr'>ἐξ</span> <span class='ocrx_word' id='word_1_316' title='bbox 250 2883 355 2928; x_wconf 66' lang='grc' dir='ltr'>ἀρχῆς</span> <span class='ocrx_word' id='word_1_317' title='bbox 372 2886 453 2920; x_wconf 71' lang='lat' dir='ltr'>A.k-</span> <span class='ocrx_word' id='word_1_318' title='bbox 563 2892 581 2911; x_wconf 92' lang='lat'>0</span> <span class='ocrx_word' id='word_1_319' title='bbox 600 2888 660 2930; x_wconf 79' lang='grc' dir='ltr'>μὲν</span> <span class='ocrx_word' id='word_1_320' title='bbox 680 2888 741 2934; x_wconf 83' lang='grc' dir='ltr'>ὡς]</span> <span class='ocrx_word' id='word_1_321' title='bbox 768 2888 811 2923; x_wconf 85' lang='grc' dir='ltr'>ὡς</span> <span class='ocrx_word' id='word_1_322' title='bbox 830 2888 891 2932; x_wconf 85' lang='grc' dir='ltr'>μέν</span> <span class='ocrx_word' id='word_1_323' title='bbox 909 2889 990 2923; x_wconf 89' lang='lat' dir='ltr'><strong>A.k.</strong></span> <span class='ocrx_word' id='word_1_324' title='bbox 1094 2898 1114 2927; x_wconf 84' lang='lat' dir='ltr'>p</span> <span class='ocrx_word' id='word_1_325' title='bbox 1135 2889 1174 2922; x_wconf 83' lang='grc' dir='ltr'>οὐ</span> <span class='ocrx_word' id='word_1_326' title='bbox 1195 2901 1264 2922; x_wconf 87' lang='lat' dir='ltr'>om.</span> <span class='ocrx_word' id='word_1_327' title='bbox 1284 2894 1310 2922; x_wconf 86' lang='lat' dir='ltr'>t.</span> <span class='ocrx_word' id='word_1_328' title='bbox 1423 2895 1440 2922; x_wconf 78' lang='grc'>(1</span> <span class='ocrx_word' id='word_1_329' title='bbox 1463 2886 1578 2932; x_wconf 80' lang='grc' dir='ltr'>οὗτος]</span> <span class='ocrx_word' id='word_1_330' title='bbox 1603 2887 1704 2922; x_wconf 74' lang='grc' dir='ltr'>αὐτὸς·</span> 
     </span>
     <span class='ocr_line' id='line_1_35' title="bbox 196 2935 1704 2987; baseline 0.003 -18"><span class='ocrx_word' id='word_1_331' title='bbox 196 2935 299 2970; x_wconf 81' lang='lat' dir='ltr'><strong>F.t.v.</strong></span> <span class='ocrx_word' id='word_1_332' title='bbox 410 2944 425 2962; x_wconf 76' lang='lat'>1*</span> <span class='ocrx_word' id='word_1_333' title='bbox 444 2938 484 2972; x_wconf 77' lang='grc' dir='ltr'>ἅν</span> <span class='ocrx_word' id='word_1_334' title='bbox 502 2951 572 2973; x_wconf 88' lang='lat' dir='ltr'>om.</span> <span class='ocrx_word' id='word_1_335' title='bbox 595 2940 757 2976; x_wconf 86' lang='lat' dir='ltr'><strong>S.Y.O.r.</strong></span> <span class='ocrx_word' id='word_1_336' title='bbox 879 2948 892 2967; x_wconf 81' lang='lat' dir='ltr'>S</span> <span class='ocrx_word' id='word_1_337' title='bbox 913 2941 1085 2987; x_wconf 87' lang='grc' dir='ltr'>τοιοῦτον]</span> <span class='ocrx_word' id='word_1_338' title='bbox 1110 2943 1162 2976; x_wconf 80' lang='grc' dir='ltr'>καὶ</span> <span class='ocrx_word' id='word_1_339' title='bbox 1181 2943 1336 2978; x_wconf 84' lang='grc' dir='ltr'>τοιοῦτον</span> <span class='ocrx_word' id='word_1_340' title='bbox 1354 2941 1464 2975; x_wconf 88' lang='lat' dir='ltr'><strong>A.k.1·.</strong></span> <span class='ocrx_word' id='word_1_341' title='bbox 1583 2938 1598 2964; x_wconf 64' lang='lat' dir='ltr'><strong>t</strong></span> <span class='ocrx_word' id='word_1_342' title='bbox 1617 2940 1704 2985; x_wconf 83' lang='grc' dir='ltr'>ἐρεῖν</span> 
     </span>
     <span class='ocr_line' id='line_1_36' title="bbox 194 2988 582 3036; baseline 0.015 -15"><span class='ocrx_word' id='word_1_343' title='bbox 194 2988 284 3034; x_wconf 79' lang='grc' dir='ltr'>τινὰ]</span> <span class='ocrx_word' id='word_1_344' title='bbox 308 3004 382 3024; x_wconf 86' lang='grc' dir='ltr'>τινα</span> <span class='ocrx_word' id='word_1_345' title='bbox 400 2991 486 3036; x_wconf 81' lang='grc' dir='ltr'>ἐρεῖν</span> <span class='ocrx_word' id='word_1_346' title='bbox 500 2993 582 3027; x_wconf 85' lang='lat' dir='ltr'><strong>A.k.</strong></span> 
     </span>
    </p>
   </div>
  </div>
 </body>
</html>
