1954 3273
64 202 218 245 ——525,
239 205 291 235 17.
736 194 878 232 ΚΑΤΑ
913 193 1162 231 ΜΕΙΔΙΟὙ.
1622 192 1701 231 551

184 304 304 372 ε’ίπῃ,
343 303 535 373 γραφὴν
576 305 752 370 ὕβρεως
787 305 862 354 καὶ
899 305 1031 367 δίκην
1074 311 1091 330 ²
1108 304 1391 369 κακηγορίας
1427 303 1546 353 ἰδίαν
1584 303 1701 371 φεύ-

185 387 329 455 ξεται,
373 386 452 437 ἐὰν
498 386 546 438 δὲ
590 385 895 450 θεσμοθέτην,
939 387 1102 450 ἄτιμος
1146 387 1280 438 ἔσται
1331 386 1569 454 καθάπαξ.
1631 386 1706 437 διὰ

185 472 264 533 τι’;
309 471 379 522 ὅτι
413 470 521 525 τοὺς
556 471 723 535 νόμους
757 472 844 536 ἤδη
871 472 896 521 ὀ
921 477 1060 522 τοῦτο
1086 475 1234 522 ποιῶν
1261 469 1592 537 3προσυβρίζει
1630 473 1705 521 καὶ

187 555 270 607 τὸν
296 556 516 622 ὑμέτερον
541 556 695 607 κοινὸν
720 556 964 623 στέφανον
996 557 1072 606 καὶ
1105 554 1159 606 τὸ
1195 558 1277 619 τῆς
1311 553 1496 608 πόλεως
1535 554 1699 618 ὄνομα·
1718 580 1756 612 ²5

189 642 214 690 ὁ
253 639 346 706 γὰρ
385 640 674 704 θεσμοθέτης
719 639 904 694 οὐδενὸς
942 639 1205 706 ἀνθρώπων
1243 640 1340 691 ἔστ’
1375 639 1535 703 ὄνομα,
1575 639 1706 691 ἀλλὰ

118 747 173 786 42
187 727 270 788 τῆς
307 724 506 778 πόλεως.
548 726 623 775 καὶ
649 724 797 775 πάλιν
831 749 885 791 γε
923 725 1006 776 τὸν
1032 725 1253 792 ἄρχοντα,
1280 723 1423 776 ταύτὸ
1449 730 1602 788 τοῦτο,
1628 724 1708 776 ἐὰν

757 808 1001 878 1’πατάξῃς
1051 808 1080 873 ἢ
1134 815 1285 863 κακῶς
1342 809 1485 878 εἴπῃς,
1531 810 1707 874 ἄτιμος,

186 807 271 870 μὲν
320 808 707 876 ἐστεφανωμένον

186 892 266 943 ἐὰν
298 892 346 943 δὲ
378 892 577 957 ἰδιώτην,
606 894 698 962 ἰδίᾳ
737 892 967 947 ὑπόδικος.
1009 895 1084 944 καὶ
1124 894 1177 944 οὐ
1207 892 1352 957 μόνον
1385 896 1491 959 περὶ
1528 893 1708 945 τούτων

186 978 308 1028 οὕτω
346 977 474 1027 ταῦτ’
503 977 609 1044 ἔχει,
636 976 767 1027 ἀλλὰ
808 979 881 1028 καὶ
920 980 1025 1043 περὶ
1062 976 1268 1041 πάντων,
1301 977 1368 1032 οἷς
1408 976 1466 1029 ἂν
1503 978 1531 1041 ἡ
1567 978 1707 1032 πόλις
1719 1001 1801 1045 525

185 1061 290 1112 τινὰ
317 1062 473 1112 ἄδειαν
498 1059 526 1125 ἢ
555 1063 947 1131 στεφανηφορίαν
973 1062 1009 1126 ἤ
1029 1085 1132 1112 τινα
1166 1061 1306 1126 τιμὴν
1333 1066 1414 1132 δῷ.
1458 1063 1578 1113 οὕτω
1605 1064 1704 1113 τοί-

188 1169 270 1196 νυν
307 1147 385 1196 καῖ
420 1145 499 1208 ἐμὲ
536 1144 687 1209 εἰμὲν
725 1147 799 1196 Οέν
833 1146 1006 1200 ἄλλαις
1044 1148 1170 1197 τισὶν
1205 1146 1395 1212 ἡμεραις
1434 1146 1634 1210 ἠδίκησέ
1666 1170 1709 1198 τι

187 1228 366 1280 τούτων
406 1230 605 1282 Μειδίας
652 1229 836 1294 ἰδιώτην
878 1229 1005 1292 ὄντα,
1046 1230 1137 1299 ἰδίᾳ
1181 1232 1257 1280 καὶ
1302 1231 1433 1294 δίκην
1470 1233 1709 1296 προσῆκεν

1151 1313 1169 1340 d

117 1328 172 1369 43
188 1314 314 1381 αὐτῷ
353 1312 546 1364 διδόναι·
589 1316 625 1363 εὶ
665 1312 714 1363 δὲ
749 1312 957 1380 χορηγὸν
998 1313 1112 1364 ὅντα
1188 1314 1407 1380 ὑμέτερον
1449 1315 1739 1379 ἱερομηνίας5

187 1399 334 1461 οὔσης
377 1397 514 1449 πάνθ’
557 1397 652 1449 ὅσα
695 1399 911 1462 ἠδίκηκεν
956 1398 1160 1464 ὑβρίσας
1204 1398 1433 1466 φαίνεται,
1479 1399 1710 1462 δημοσίας

185 1483 330 1548 ὀργῆς
376 1485 452 1532 καὶ
495 1482 718 1548 τιμωρίας
760 1480 958 1536 ε’δίκαιός
1010 1484 1113 1532 ἐστι
1153 1481 1418 1549 τυγχάνειν·
1479 1480 1577 1546 ἅμα
1616 1481 1711 1547 γὰρ

742 1563 780 1591 fe

185 1570 251 1635 τῷ
289 1565 589 1630 Δημοσθένει
627 1567 704 1616 καὶ
761 1589 786 1616 ο
822 1573 841 1601 g
851 1564 1056 1632 χορηγὸς
1094 1565 1320 1631 ὑβρίζετο,
1355 1570 1494 1616 τοῦτο
1532 1566 1569 1615 δ’
1608 1566 1710 1615 ἐστὶ

183 1653 267 1714 τῆς
307 1648 493 1703 πόλεως
531 1649 724 1713 11ὄνομα,
764 1648 867 1700 ἰκαὶ
911 1647 965 1700 τὸ
1010 1649 1198 1704 ταύταις
1239 1654 1339 1703 ταῖς
1390 1649 1593 1715 ἡμέραις,
1636 1647 1764 1702 αἷςιο

184 1735 268 1784 οὐκ
306 1735 448 1783 ἐῶσιν
484 1737 526 1784 οἱ
565 1731 710 1796 νόμοι.
750 1732 842 1800 χρὴ
881 1731 942 1794 δὲ,
971 1732 1083 1783 ὅταν
1113 1732 1197 1796 μὲν
1223 1731 1448 1796 Ιςτιθῆσθε
1487 1731 1592 1785 τοὺς
1633 1731 1708 1782 νό-

147 1810 152 1815 ”
185 1840 314 1880 μους,
355 1818 510 1868 ὁποῖοί
543 1817 661 1871 τινές
702 1821 795 1867 εἶσι
840 1821 1050 1878 σκοπεῖν,
1091 1816 1276 1867 ἐπειδὰν
1321 1816 1369 1867 δὲ
1413 1820 1577 1880 θῆσθε,
1619 1820 1710 1883 φυ-

187 1903 376 1953 λάττειν
414 1904 491 1952 καὶ
529 1905 753 1969 χρῆσθαι·
794 1903 870 1952 καὶ
908 1899 1019 1966 1γὰρ
1057 1902 1264 1966 ωεῦορκα
1302 1902 1432 1951 ταῦθ’
1462 1902 1569 1964 ὑμῖν
1607 1901 1711 1950 ἐστὶ

118 1988 264 2044 44καὶ
303 1985 467 2039 ἄλλως
506 1987 673 2036 δίκαια.
718 1984 777 2049 ἧν
816 1987 841 2036 ὁ
879 1988 962 2049 τῆς
997 1983 1189 2048 βλάβης
1228 1986 1335 2048 ὑμῖν
1367 1983 1508 2048 νόμος
1543 1983 1710 2045 πάλαι,

186 2067 245 2132 ἦν
271 2070 296 2119 ὁ
322 2072 405 2133 τῆς
430 2070 621 2132 Παῑκιάς,
649 2069 706 2134 ἧν
732 2071 756 2120 ὁ
783 2072 864 2134 τῆς
902 2071 1097 2135 ὕβρεως.
1141 2072 1177 2119 εἰ
1211 2069 1367 2119 τοίνυν
1393 2068 1576 2135 ἀπέχρη
1602 2066 1710 2121 τοὺς
1727 2095 1762 2126 15

186 2157 283 2206 τοῖς
322 2154 592 2207 Διονυσίοις
631 2177 675 2204 τι
715 2159 963 2206 ποιοῦντας
1000 2152 1179 2203 τούτων
1219 2151 1338 2202 κατὰ
1379 2151 1570 2204 τούτους
1604 2150 1710 2204 τοὺς

187 2236 357 2300 νόμους
384 2238 516 2302 δίκην
543 2237 733 2298 διδόναι,
759 2236 920 2288 Οούδέν
946 2235 1032 2287 Ρᾶν
1065 2235 1286 2303 προσέδει
1313 2239 1475 2287 (Ῑτοῦδε
1514 2240 1596 2286 τοῦ
1635 2233 1712 2284 νό-

241 2387 260 2406 2
295 2383 512 2429 κακηγορίας]
548 2383 749 2429 κατηγορίας
780 2384 844 2417 k.t.
889 2383 1008 2417 Litera
1036 2397 1056 2416 τ
1082 2395 1102 2416 a
1131 2395 1178 2417 m.
1210 2383 1355 2429 antiqua
1392 2395 1563 2428 superser.
1598 2383 1633 2416 in
1674 2383 1709 2416 S.

187 2441 207 2460 a
225 2436 465 2482 προσυβρίζει]
490 2438 687 2482 προῦβρίζει
707 2436 831 2471 Y.O.S.
973 2432 992 2460 b
1013 2435 1316 2480 πατάξῃς-εἵπῃς
1337 2437 1373 2471 S.
1424 2437 1624 2482 Legebatur
1643 2449 1707 2469 πα-

191 2489 271 2534 τάξῃ
291 2488 506 2533 τις-εἴπῃς.
539 2490 595 2524 Sic
614 2491 766 2535 πατάξῃς
786 2502 850 2535 pro
865 2490 997 2534 πατάξῃ
1018 2504 1069 2524 τις
1088 2502 1134 2524 ex
1156 2490 1191 2524 S.
1212 2490 1351 2525 restitui
1370 2503 1404 2536 p.
1423 2500 1486 2536 51,
1507 2489 1567 2525 26.
1639 2494 1655 2513 ⁰
1675 2489 1711 2522 ἐν

187 2587 257 2609 om.
278 2581 340 2610 t.v.
453 2572 472 2600 d
496 2576 657 2621 ὑμετέραν
678 2576 883 2622 ἱερομηνίας]
909 2560 1197 2623 ὑμετερονδμισας
1217 2576 1269 2620 (in
1287 2577 1445 2622 margine
1466 2576 1582 2623 posito
1600 2576 1709 2620 “ispo-

185 2629 319 2672 μηνίας)
342 2629 386 2663 O.
499 2635 515 2654 e
536 2630 679 2676 δίκαιός]
705 2630 798 2674 ἄξιός
817 2631 931 2664 A.k.r.
1043 2627 1059 2655 f
1076 2632 1093 2664 ὁ
1114 2643 1184 2665 om.
1205 2636 1266 2664 t.v.
1377 2636 1398 2664 g
1417 2631 1582 2676 χορηγὸς]
1606 2630 1711 2675 χορὸς

186 2693 238 2726 pr.
257 2682 307 2722 S.‚
329 2683 390 2716 sed
409 2682 445 2715 in
464 2684 614 2729 χορηγὸς
633 2684 676 2718 ab
697 2684 830 2725 eadem,
850 2690 890 2718 ut
910 2684 1059 2726 videtur,
1080 2696 1188 2718 manu
1211 2689 1399 2718 mutatum.
1559 2681 1575 2703 ¹¹
1604 2682 1711 2726 ὄνομα

186 2746 256 2768 0111.
279 2735 443 2769 P.Y.O.S.
463 2735 499 2769 in
519 2751 573 2782 γρ.
596 2737 702 2771 habet
724 2737 760 2772 S.
873 2734 883 2761 i
902 2738 955 2771 καὶ
976 2737 1030 2783 τὸ]
1055 2738 1162 2771 καίτοι
1183 2738 1222 2772 F.
1243 2742 1278 2771 et
1298 2749 1366 2772 rec.
1389 2738 1424 2772 S.
1527 2734 1548 2761 k
1568 2735 1710 2779 τιθῆσθε

186 2810 244 2837 r.t.
274 2804 417 2848 τίθησθε
436 2806 554 2851 vulgo.
679 2803 690 2830 Ῑ
708 2806 774 2852 γὰρ
793 2818 863 2840 om.
884 2811 911 2841 t.
1033 2811 1064 2830 m
1084 2806 1220 2853 εὔορκα]
1246 2794 1365 2853 εῗορκα
1386 2808 1425 2841 F.
1455 2808 1574 2852 ἕνορκα
1593 2807 1707 2840 A-k.r.

188 2879 208 2898 ¹¹
228 2874 352 2920 αἰκίας]
378 2863 500 2911 αἷκειιας
522 2876 556 2910 S.
669 2881 687 2899 0
708 2875 822 2921 οὐδέν]
847 2876 899 2910 καὶ
919 2876 1017 2910 οὐδὲν
1037 2876 1083 2912 Ο.
1196 2883 1229 2917 Ι)Χ
1244 2876 1301 2924 ἂν]
1325 2876 1366 2912 ἂν
1387 2878 1463 2922 ὑμῖν
1482 2878 1707 2913 A.F.k.r.t.v.

188 2932 208 2960 q
227 2927 345 2974 τοῦδε]
370 2927 494 2962 τούτου
515 2929 595 2962 A.k.

247 3003 341 3029 voL.
360 3003 413 3030 11.
961 3005 985 3030 L
