1954 3273
251 139 334 182 774
805 145 1231 183 ΔΗΜΟΣΘΕΝΟΤΣ
1312 141 1393 181 On.
1419 141 1594 182 XXIV.
1619 145 1658 197 p.
1679 151 1776 194 741,
1797 154 1892 181 ιι-
1941 130 1943 186 3

247 252 423 317 μάτων,
458 254 487 318 ἢ
526 254 608 305 τὸν
650 255 840 308 τούτους
876 254 1161 320 πειρώμενον
1197 253 1361 320 σώζειν
1399 253 1464 318 μὴ
1491 253 1759 319 τιμωρήσα-

248 340 397 399 σθαι;
441 339 516 388 καὶ
550 339 599 388 τί
632 337 836 388 κωλύσει
869 337 1080 391 ἅπαντας
1115 335 1228 388 εἶναι
1265 335 1509 403 πονηροὺς,
1537 334 1574 386 ὦ
1596 337 1759 403 ἄνδρες
1775 360 1810 391 15

250 421 479 481 δικασταὶ,
503 424 540 471 εἰ
565 419 640 471 διὰ
665 426 814 471 ταῦτα
846 420 994 471 πλέον
1020 420 1211 488 ἕξουσιν
1233 442 1245 481 3
1288 420 1381 485 ἐγὼ
1405 418 1490 483 μὲν
1515 418 1608 485 γὰρ
1634 418 1760 483 οἶμαι

251 502 397 553 οὐδέν.

157 602 236 645 150
324 584 410 649 Μὴ
445 587 600 636 τοίνυν
630 586 760 636 αὐτοὶ
798 586 1052 648 διδάσκετε,
1081 586 1212 637 ἀλλὰ
1245 590 1539 653 τιμωρεῖσθε.
1583 587 1658 636 καὶ
1695 585 1760 650 μὴ

247 669 348 718 ἐᾶτε
384 671 676 734 ἀγανακτεῖν,
709 673 746 719 εἰ
782 669 1060 733 δεθήσονται
1096 670 1278 737 ἔχοντες
1314 669 1373 720 τὰ
1412 669 1620 734 ὑμέτερα,
1646 670 1757 719 ἀλλ’

245 750 369 817 ἄγετ’
411 751 576 806 αὐτοὺς
614 751 704 804 ὑπὸ
747 752 855 806 τοὺς
894 751 1074 816 νόμους·
1115 752 1219 803 οὐδὲ
1263 752 1356 818 γὰρ
1393 756 1435 803 οὶ
1477 755 1560 816 τῆς
1604 752 1759 820 ξενίας

245 835 551 899 ἁλισκόμενοι
589 838 936 901 ἀγανακτοῦσιν
973 839 1021 887 ἐν
1059 841 1126 906 τῷ
1167 836 1380 900 οἰκήματι
1423 835 1573 904 τούτῳ
1614 835 1809 898 &mezzo

244 917 328 972 ἕως
366 916 424 969 ἂν
461 923 556 969 τῶν
593 922 1011 987 ψευδομαρτυριῶν
1045 920 1382 985 ἀγωνίσωνται,
1410 917 1540 970 ἀλλὰ
1564 919 1756 982 με’νουσι

245 1003 320 1051 καὶ
359 1002 440 1052 οὐκ
479 1002 651 1053 οἴονται
692 1005 786 1053 δεῖν
819 1002 1049 1068 ἐγγυητὰς
1088 1001 1474 1067 καταστήσαντες
1514 1003 1750 1068 περιιέναι.

152 1104 224 1145 151
245 1084 374 1153 ἔδοξε
413 1084 506 1152 γὰρ
550 1090 608 1154 τῇ
648 1085 786 1137 πόλει
822 1087 1039 1137 ἀπιστεῖν
1071 1088 1240 1149 αὐτοῖς,
1278 1089 1354 1137 καὶ
1390 1087 1473 1137 οὐκ
1509 1084 1624 1155 ᾤετο
1662 1088 1756 1138 δεῖν

242 1171 606 1236 διακρουσθῆναι
646 1173 729 1234 τῆς
768 1173 990 1237 τιμωρίας
1030 1172 1085 1222 δι’
1123 1173 1364 1237 ἐγγυητῶν
1400 1170 1751 1233 καταστάσεως,

241 1254 351 1304 ἀλλ’
379 1255 578 1306 ἐνταῦθα
603 1255 755 1318 με’νειν
779 1255 943 1308 αὐτοὺς
977 1254 1031 1305 οὗ
1067 1257 1141 1305 καὶ
1167 1254 1311 1305 ἄλλοι
1335 1255 1512 1305 πολλοὶ
1537 1257 1631 1304 τῶν
1655 1276 1747 1305 πο·
1763 1274 1800 1305 ²5

240 1341 398 1388 λιτῶν.
441 1337 590 1389 καίτοι
616 1346 635 1374 g
643 1339 719 1388 καὶ
744 1339 818 1388 ἐπὶ
851 1337 1092 1405 χρήμασιν
1121 1338 1210 1402 ἤδη
1236 1336 1385 1391 Ἀτινὲς
1422 1337 1652 1401 ἐδέθησαν
1677 1338 1752 1387 καὶ

239 1420 315 1471 ἐπὶ
352 1421 581 1486 κρίσεσιν,
607 1421 718 1471 ἀλλ’
746 1420 871 1484 ὅμως
896 1420 1157 1484 ἰὑπέμενον.
1201 1419 1336 1484 ἀηδὲς
1370 1418 1453 1483 μὲν
1488 1418 1601 1470 ³051)
1636 1420 1752 1473 ’ίσως

239 1504 370 1554 ἐστὶν
394 1505 624 1567 ὀνομαστὶ
653 1506 764 1572 περί
789 1527 928 1556 τινων
963 1506 1244 1567 μεμνῆσθαι,
1270 1504 1522 1568 ἀναγκαῖον
1549 1501 1596 1553 δὲ
1621 1526 1744 1569 παρ-

148 1610 224 1652 152
240 1586 459 1656 εξετάσαι
499 1586 666 1642 αὐτοὺς
707 1586 838 1654 παρὰ
877 1585 1081 1640 τούτους.
1124 1586 1230 1640 τοὺς
1269 1585 1353 1649 μὲν
1392 1586 1473 1637 οὖν
1512 1584 1605 1652 πρὸ
1652 1587 1745 1637 Εὐ·
1763 1607 1844 1648 742

237 1672 422 1721 κλείδου
466 1668 713 1738 Ιιῗίρχοντος
756 1670 920 1721 ι“ἐοὶσω
971 1672 1046 1721 καὶ
1096 1667 1205 1723 τοὺς
1254 1668 1449 1738 σφόδρα
1497 1669 1743 1723 παλαιούς.

234 1755 383 1805 καίτοι
433 1753 553 1805 κατὰ
595 1755 703 1809 τοὺς
752 1754 949 1822 χρόνους
997 1761 1017 1780 ¹¹
1034 1753 1112 1807 οὓς
1165 1754 1354 1804 ἕκαστοι
1405 1754 1557 1803 αὐτῶν
1606 1751 1746 1816 ἦσαν,

232 1844 419 1889 πολλοῦ
444 1839 567 1907 ἄξιοι
593 1842 834 1892 δοκοῦντες
860 1842 1146 1904 γεγενῆσθαι
1171 1836 1253 1889 τὸν
1279 1837 1548 1904 Οἔμπροσθε
1573 1836 1746 1904 χρόνον

231 1928 251 1957 Ρ
259 1920 382 1985 ὅμως
410 1927 608 1990 ἰσχυρᾶς
641 1922 771 1989 παρὰ
795 1928 877 1974 τοῦ
904 1921 1053 1986 δήμου
1085 1923 1228 1988 ὀργῆς
1265 1921 1523 1988 ἐτύγχανον
1548 1922 1623 1971 ἐπὶ
1649 1925 1773 1977 τοῖς5

232 2007 430 2073 ὕστερον
455 2008 745 2073 γιγνομένοις
779 2005 1079 2070 ἀδικήμασιν·
1123 2007 1176 2056 οὐ
1202 2004 1295 2072 γὰρ
1330 2005 1502 2072 χρόνον
1537 2004 1641 2056 τινὰ
1678 2008 1744 2056 δι-

230 2091 385 2144 καίους
430 2089 544 2160 ᾤετο
589 2094 683 2142 δεῖν
727 2088 891 2144 αὐτοὺς
933 2090 960 2153 ἡ
1004 2089 1145 2143 πόλις
1195 2086 1323 2151 εἶναι,
1374 2086 1472 2139 εἶτα
1523 2088 1743 2150 κλέπτας,

229 2172 358 2223 ἀλλὰ
397 2175 544 2240 Ἷπερί
577 2197 632 2239 γε
670 2173 730 2224 τὰ
771 2172 902 2224 κοινὰ
943 2174 1011 2223 ἀεὶ
1056 2173 1272 2224 δικαίους·
1333 2171 1477 2221 ἐδόκει
1519 2170 1614 2236 γὰρ
1658 2170 1741 2221 τὸν

227 2255 490 2322 Υέζιιπροσθε
527 2257 697 2324 χρόνον
735 2258 788 2307 οὐ
827 2257 983 2324 φύσει,
1010 2256 1118 2305 ἀλλ’
1147 2254 1477 2315 ἐπιβουλεύων,
1512 2259 1596 2304 τοῦ
1635 2262 1734 2304 επι-

135 2363 211 2404 153
227 2343 493 2403 στευθῆναι,
520 2341 692 2393 δίκαιος
718 2339 978 2405 ἰγεγονέναι
1013 2340 1037 2389 ὁ
1070 2343 1277 2392 τοιοῦτος
1302 2338 1564 2403 ἄνθρωπος.
1606 2336 1738 2388 ἀλλὰ
1755 2365 1793 2387 10

226 2424 322 2486 μετ’
350 2424 611 2487 Εὐκλείδην
644 2422 863 2490 ἄρχοντα,
890 2420 928 2473 ὦ
964 2422 1127 2489 ἄνδρες
1164 2424 1397 2484 δικασταὶ,
1431 2425 1620 2487 πρῶτον
1654 2421 1738 2485 μὲν

281 2611 300 2639 g
319 2606 372 2639 καὶ
391 2617 462 2640 om.
479 2603 570 2639 Y.O.
681 2601 699 2628 h
720 2605 807 2640 τινὲς
826 2617 896 2641 om.
920 2606 1198 2641 A.S.Y.O.k.r.s.
1320 2607 1331 2640 i
1351 2606 1532 2652 ὑπέμενον]
1558 2606 1737 2650 ὑπέμειναν

227 2659 300 2693 F.v.
413 2657 430 2680 k
451 2656 511 2692 οὖν
529 2670 598 2692 om,
620 2670 647 2692 r.
759 2655 769 2682 Ῑ
789 2658 970 2705 ἄρχοντος]
995 2659 1162 2705 ἄρχοντας
1180 2661 1293 2696 A.k.s.
1418 2665 1447 2684 ¹¹¹
1468 2659 1574 2704 ἐάσω]
1597 2660 1640 2693 ἐῶ
1661 2660 1733 2694 ΡΝ.

227 2718 245 2735 ¹¹
275 2711 332 2747 οὓς
362 2711 397 2746 S.
442 2711 640 2757 Legebatur
668 2710 737 2745 καθ’
759 2710 828 2746 οὓς.
986 2719 1003 2737 0
1032 2714 1206 2758 ἔμπροσθε
1225 2714 1351 2748 A.Y.k.
1397 2713 1592 2758 ἔμπροσθεν
1617 2713 1734 2758 vulgo.

226 2770 244 2797 P
265 2764 370 2810 ὅμως]
393 2765 515 2808 ὁμοίως
537 2765 573 2799 S.
670 2770 689 2797 q
709 2765 787 2810 περί
806 2764 860 2810 γε]
885 2780 923 2810 γε
944 2767 1019 2810 περὶ
1041 2767 1111 2800 ΡΝ.
1239 2773 1253 2791 ¹·
1271 2767 1447 2811 ἔμπροσθε
1467 2766 1510 2799 Ο.
1539 2766 1736 2811 ἔμπροσθεν

224 2819 342 2862 vulgo.
455 2825 469 2842 ⁵
488 2817 725 2863 πιστευθῆναι]
749 2819 969 2861 πιστευθῆναι
989 2819 1096 2853 ἕνεκεν
1119 2820 1191 2854 RV.
1297 2819 1311 2844 t
1329 2819 1503 2864 γεγονέναι
1523 2819 1540 2851 ὁ
1560 2818 1729 2864 τοιοῦτος]

223 2872 241 2902 ὁ
260 2873 414 2906 τοιοῦτος
432 2873 605 2916 ’γεγονέναι
626 2872 698 2904 F.v.
