1954 3273
51 198 131 240 —5
134 195 204 240 50,
222 201 254 226 ι.
721 189 863 226 ΚΑΤΑ
896 187 1146 225 ΜΕῐΔιοτ.
1606 186 1690 227 577

85 985 160 1028 137

94 1718 169 1770 138

97 2148 173 2191 139

1524 295 1536 311 N
1628 295 1689 323 f?

170 299 355 352 δικαίως
398 298 608 367 τεύξεται
657 299 768 364 παρ’
813 299 974 360 ὑμῶν;
1032 297 1124 362 ἐγὼ
1173 296 1257 360 μὲν
1301 296 1393 363 γὰρ
1433 297 1587 358 αὐτον,
1654 319 1690 346 ω

171 382 334 449 ἄνδρες
362 383 618 446 Ἀθηναῖοι,
646 380 814 446 νομίζω
849 379 1097 447 αὐτόχειρά
1132 402 1222 443 μου
1257 383 1539 446 γεγενῆσθαι
1576 379 1718 433 τού-5

170 488 266 520 τοις
301 471 397 519 τοῖς
432 465 596 531 ἔργοις,
624 467 698 515 καὶ
731 462 834 514 τότε
869 463 954 526 μὲν
985 469 1080 517 τοῖς
1109 464 1377 517 Διονυσίοις
1412 463 1497 527 τὴν
1531 486 1688 529 παρα-

825 551 838 568 X

172 548 347 613 σκευὴν
381 552 456 600 καὶ
493 549 547 600 τὸ
584 553 728 613 σῶμα
766 572 840 599 και
875 549 1211 612 ἕτάναλώμαθ
1246 548 1496 614 11ὑβρίζειν,
1530 554 1610 599 νῦν
1645 548 1693 598 δὲ

172 633 352 687 τούτοις
387 633 455 688 οἶς
488 635 628 685 ἐποίει
664 637 741 684 καὶ
776 633 1074 700 διεπράττετο
1110 633 1258 685 ἐκεῖνά
1291 656 1341 684 τε
1379 636 1453 684 καὶ
1491 632 1549 683 τὰ
1585 642 1690 684 λοι-

172 715 242 768 πὰ
274 716 443 779 πάντα,
478 716 564 781 τὴν
599 715 756 779 πόλιν,
789 715 843 767 τὸ
878 717 1024 782 γένος,
1055 715 1165 780 ἰτὴν
1203 718 1448 781 ἐπιτιμίαν,
1486 715 1568 770 τὰς
1606 719 1689 767 ε’λ-
1710 742 1748 764 10

172 802 323 855 πίδας·
369 805 406 852 εἶ
450 801 543 868 γὰρ
582 801 631 852 ἓν
669 799 734 852 ὧν
771 799 1124 862 1ίέπεβούλευσε
1170 801 1498 867 κατώρθωσεν,
1537 799 1689 851 ἀπάν-

398 883 408 911 1

173 907 268 935 των
307 883 364 935 ἂν
422 884 752 952 ἀπεστερήμην
791 884 883 949 ἐγὼ
923 887 998 935 καὶ
1035 884 1193 948 ΠῘμηδὲ
1230 887 1437 953 ταφῆναι
1475 891 1693 949 11προσυ-

175 971 356 1036 πῆρχεν
391 968 506 1019 οἴκοι
540 992 634 1032 μοι.
693 968 767 1019 διὰ
801 969 859 1031 τί,
887 969 1080 1035 Οἄνδρες
1116 970 1339 1019 δικασταί
1354 990 1367 1030 ;
1411 972 1448 1018 εἰ
1483 966 1590 1033 γὰρ,
1617 966 1696 1018 ἐάν

176 1076 244 1107 τις
288 1052 417 1119 παρὰ
463 1052 644 1106 πάντας
693 1052 800 1106 τοὺς
851 1052 1019 1117 νόμους
1071 1055 1312 1119 ὑβρισθεὶς
1360 1050 1450 1104 ὑπὸ
1499 1052 1696 1102 Μειδίου
1712 1075 1748 1108 ι5

175 1142 365 1202 βοηθεῖν
416 1139 542 1206 αὐτῷ
591 1142 820 1203 πειρᾶται,
865 1143 1012 1187 ταῦτα
1063 1141 1138 1187 καὶ
1187 1137 1361 1187 τοιαῦθ’
1411 1136 1523 1201 ἕτερ’
1571 1136 1697 1204 αὐτῷ

175 1225 340 1272 παθεῖν
385 1219 595 1289 ὑπάρξει,
637 1225 921 1285 προσκυνεῖν
967 1219 1074 1273 τοὺς
1119 1218 1391 1286 ὑβρίζοντας
1441 1216 1605 1284 ὥσπερ
1649 1220 1698 1268 ἐν

176 1310 271 1358 τοῖς
307 1303 582 1371 βαρβάροις,
610 1305 693 1354 οὐκ
723 1302 1014 1367 Ράμύνεσθαι
1050 1301 1304 1368 κράτιστον
1331 1302 1510 1353 (Ιὲσται.
1567 1300 1699 1351 ἀλλὰ

176 1387 270 1452 μὴν
313 1390 375 1441 ὡς
419 1390 575 1452 ἀληθῆ
623 1387 748 1452 λέγω
798 1388 874 1436 καὶ
919 1386 1383 1454 Γπροσεξείργασται
1434 1391 1582 1436 ταῦτα
1632 1387 1699 1452 τῷ

177 1475 396 1540 βδελυρῷ
433 1472 582 1540 τούτῳ
617 1472 692 1521 καὶ
731 1472 920 1533 ἀναιδεῖ,
947 1469 1078 1520 κάλει
1116 1493 1196 1533 μοι
1230 1472 1336 1520 εἷ’καὶ
1373 1468 1553 1520 τούτων
1591 1466 1700 1521 τοὺς
1713 1498 1753 1520 20

180 1554 432 1622 μάρτυρας.

778 1643 1099 1684 ΜΑΡΤΎῬΕΣ.

298 1721 537 1763 ῐΔιονύσιος
576 1719 853 1772 U'Actubvatos,
894 1719 1125 1772 Ἀντίφιλος
1165 1717 1378 1760 Παιανιεὺς
1418 1718 1702 1770 διαφθαρέντος

241 1787 463 1839 Νικοδήμου
494 1792 562 1827 τοῦ
593 1788 735 1827 οἰκείου
767 1788 874 1838 ἡμῶν
904 1788 1021 1840 βιαίῳ
1053 1785 1207 1840 θανάτῳ
1236 1785 1310 1825 ὑπὸ
1340 1784 1602 1837 Ἀριστάρχου
1633 1788 1701 1824 τοῦ

242 1855 412 1906 Μόσχου
443 1851 670 1908 Χέπεξῇμεν
705 1856 772 1892 τοῦ
807 1854 932 1904 φόνου
968 1851 1037 1891 τὸν
1065 1850 1345 1903 Ἀρίσταρχον.
1395 1850 1629 1900 αἰσθόμενος
1660 1850 1702 1889 δὲ
1715 1868 1752 1900 ²5

241 1926 362 1961 ταῦτα
384 1923 548 1963 Μειδίας
570 1923 590 1960 ὁ
613 1925 682 1960 νῦν
705 1921 928 1972 κρινόμενος
952 1919 1026 1959 ὑπὸ
1051 1918 1343 1968 Δημοσθένους,
1367 1915 1396 1972 ᾧ
1421 1920 1700 1969 μαρτυροῦμεν,

243 1989 399 2029 ἔπειθεν
424 1989 523 2038 ἡμᾶς
551 1987 676 2029 διδοὺς
705 1987 874 2039 κέρματα
901 1986 969 2027 τὸν
995 1988 1068 2037 μὲν
1091 1985 1356 2038 Ἀρίσταρχον
1377 1986 1506 2038 ἀθῷον
1527 1986 1700 2036 ἀφεῖναι,

245 2056 494 2107 Δημοσθένει
515 2056 557 2094 δὲ
578 2054 647 2104 τὴν
668 2054 826 2106 γραφὴν
846 2057 913 2094 τοῦ
935 2055 1060 2105 φόνου
1081 2052 1436 2105 παραγράψασθαι.

916 2137 935 2145 Α

261 2134 394 2195 Λαβὲ
421 2134 477 2198 δή
503 2156 582 2196 μοι
607 2131 716 2183 Ῡτὸν
741 2134 848 2199 περὶ
873 2155 967 2182 των
992 2132 1183 2197 Ζδώρων
1210 2130 1368 2194 νόμον.
1713 2158 1798 2201 550

259 2220 345 2269 Ἐν
379 2218 480 2286 ὅσῳ
515 2216 563 2267 δὲ
596 2215 678 2266 τὸν
713 2215 870 2279 νόμον,
898 2213 934 2265 ὦ
970 2215 1132 2281 ἄνδρες
1165 2216 1420 2277 Ἀθηναῖοι,
1454 2212 1703 2276 λαμβάνει,

186 2302 421 2365 βούλομαι
455 2299 596 2366 μικρὰ
627 2300 746 2365 πρὸς
784 2301 900 2363 ὑμᾶς
935 2303 1087 2361 εἰπεῖν,
1115 2299 1290 2361 δεηθεὶς
1322 2298 1451 2360 ὑμῶν
1482 2296 1704 2347 ἁπάντων

187 2385 306 2452 πρὸς
345 2384 460 2438 Διὸς
498 2386 609 2434 εικαὶ
646 2388 777 2445 θεῶν,
814 2382 850 2434 ὦ
888 2383 1051 2449 ἄνδρες
1090 2383 1323 2433 δικασταί·
1371 2383 1476 2448 περὶ
1514 2380 1705 2431 πάντων

245 2535 260 2562 s
280 2534 307 2570 (3
325 2538 441 2582 ἄνδρες
459 2536 628 2579 Ἀθηναῖοι
648 2534 786 2581 νομίζω]
814 2536 935 2580 νομίζω
956 2531 982 2568 (3
999 2535 1150 2577 ἀθηναῖοι
1169 2535 1286 2568 A.k.r.
1452 2538 1473 2566 g
1492 2530 1704 2575 τάναλώμαθ’

192 2590 353 2625 P.S.Y.s.
381 2591 423 2623 τὰ
443 2589 644 2624 ἀναλώματα
663 2589 780 2634 vulgo.
909 2585 928 2612 h
951 2588 1114 2633 ὑβρίζειν]
1139 2586 1236 2621 πάνθ’
1258 2586 1405 2632 ὑβρίζειν
1424 2587 1490 2620 k.r.
1616 2582 1625 2608 i
1645 2585 1706 2627 τὴν

191 2642 371 2686 ἐπιτιμίαν,
390 2643 450 2678 τὰς
470 2641 628 2687 ἐλπίδας]
652 2642 712 2676 τὰς
731 2641 885 2680 ἐλπίδας,
906 2641 967 2684 τὴν
986 2641 1153 2684 ἐπιτιμίαν
1172 2641 1286 2674 A.k.r.
1414 2636 1436 2663 k
1456 2636 1703 2682 ἐπεβούλευσε]

192 2695 380 2736 ἐβούλευσε
399 2707 451 2740 pr.
473 2707 499 2729 s.
610 2692 621 2718 Ῑ
643 2694 895 2739 ἀπεστερήμην]
917 2693 1155 2738 ἀπεστερήμην
1175 2705 1203 2727 s.
1320 2698 1351 2716 ¹¹1
1370 2691 1470 2737 μηδὲ]
1496 2691 1573 2724 οὐδὲ
1593 2690 1705 2724 A.k.r.

192 2771 208 2787 ¹¹
226 2765 486 2810 προσυπῆρχεν]
509 2766 751 2810 προσυπῆρξεν
770 2765 799 2797 A
813 2776 840 2797 r.
923 2769 941 2787 ⁰
960 2763 1079 2809 ἅνδρες
1098 2762 1271 2807 δικασταί]
1297 2744 1322 2796 g
1341 2761 1384 2795 A.
1460 2765 1479 2792 P
1499 2757 1702 2802 ἀμύνεσθαι]

192 2817 384 2862 ἀμύνασθαι
403 2818 623 2852 A.F.k.r.t.v.
640 2823 675 2851 et
694 2829 746 2862 pr.
767 2829 793 2851 s.
861 2822 881 2849 q
899 2816 1014 2861 ἔσται]
1040 2817 1134 2849 ἐστιν
1152 2816 1266 2862 A3k.r.
1337 2820 1353 2838 Γ
1371 2810 1701 2857 προσεξείργασται]

194 2871 506 2917 προσεξειργάσθαι
527 2870 690 2905 P.Y.O.s.
712 2875 747 2903 et
766 2882 817 2914 pr.
841 2870 876 2903 S.
999 2873 1013 2892 S
1033 2871 1085 2903 καὶ
1105 2881 1175 2903 om.
1198 2868 1306 2902 F.t.v.
1416 2864 1431 2890 t
1450 2863 1707 2898 Testimonium

196 2936 265 2958 om.
286 2925 327 2958 A.
468 2931 487 2949 U
507 2922 722 2969 Ἀφιδναῖος]
745 2922 922 2967 ἁφνιδαῖος
942 2928 1032 2956 S.t.v.
1182 2929 1198 2946 Χ
1220 2919 1401 2965 ἐπεξῇμεν]
1426 2916 1619 2961 ἐπεξὴειμεν
1637 2917 1704 2950 k.r.

196 2984 215 3013 Ὺ
235 2978 295 3011 τὸν
315 2977 352 3011 S.
394 2977 593 3022 Legebatur
612 2977 665 3010 καὶ
683 2977 752 3010 τόν.
840 2981 858 3000 Ζ
878 2975 1011 3021 δώρων]
1036 2976 1168 3020 δωρεῶν
1189 2974 1232 3008 O.
1320 2978 1339 2997 a
1359 2973 1410 3006 καὶ
1429 2971 1514 3006 θεῶν
1533 2981 1602 3004 om.
1624 2981 1652 3004 S.

910 3049 983 3078 02
