1954 3273
79 192 159 234 -7
174 194 234 236 19,
251 198 282 227 7.
666 190 809 228 ΚΑΤΑ
840 191 1246 230 ΤΙΜΟΚΡΑΤΟΤΣ.
1640 192 1723 235 749

280 298 363 347 Οὔ
383 296 530 367 ὲφησι
556 299 869 367 Τιμοκράτης,
905 302 1071 352 οὔκουν
1109 300 1335 356 “ὃπόσοις
1374 307 1420 367 γ’
1450 302 1507 353 ἂν
1545 306 1777 367 δεσμοῦιο

206 386 524 449 προστιμηθῇ.

282 464 417 530 Λέγε.
1018 513 1020 515 ,

323 629 516 672 Χ“Οπόσα
551 633 581 673 δ’
616 633 679 673 ἐπὶ
713 636 790 674 τῶν
825 632 1016 685 τριάκοντ’
1055 633 1232 687 ἐπράχθη
1265 632 1288 684 ἢ
1324 635 1442 686 Υδίκη
1476 634 1672 686 ἐδικάσθη,
1706 634 1729 686 ἦ

267 698 342 752 ἰδίᾳ
362 696 384 749 ἢ
406 701 584 754 δημοσίᾳ,
607 701 728 752 ἄκυρα
751 700 861 741 εἶναι.

142 796 197 835 66
285 778 528 844 Ἐπίσχες.
569 779 673 829 εἶπέ
706 802 800 843 μοι,
845 780 894 830 τί
932 778 1196 831 δεινότατον
1237 779 1438 834 Ζπάντες
1481 780 1539 832 ἂν
1582 780 1722 832 ἀκού-
1743 799 1778 831 15

209 883 381 914 σαντες
436 860 641 930 φήσαιτε
692 864 802 913 εἰκαὶ
852 861 871 889 b
888 862 1086 926 μάλιστ’
1129 863 1186 915 ἂν
1237 864 1559 933 ἀπεύξαισθε;
1627 866 1730 932 οὐχὶ

209 951 356 996 ταῦτα
397 945 456 996 τὰ
497 946 770 1012 πράγματα,
810 946 929 1014 ἅπερ
974 955 990 974 ⁰
1009 947 1066 1012 ἦν
1108 950 1182 999 ἐπὶ
1222 953 1316 999 τῶν
1356 948 1618 1015 τριάκοντα,
1664 949 1730 1013 μὴ

1264 1031 1283 1059 d
1332 1034 1342 1048 τ
1440 1035 1454 1051 x
1526 1034 1536 1049 ³
1688 1033 1699 1048 ν

1293 1055 1455 1084 ουτοσι
1492 1039 1726 1095 ευλαβου-

209 1029 466 1094 γενε’σθαι;
511 1030 646 1096 ἔγωγ’
685 1029 826 1094 οἶμαι.
870 1033 895 1082 ὁ
934 1037 1051 1096 γοῦν
1089 1031 1229 1095 νόμος

208 1136 358 1176 μενος,
399 1116 461 1168 ὡς
503 1115 604 1178 ἐμοὶ
645 1118 780 1177 δοκεῖ,
812 1114 866 1166 τὸ
907 1121 1117 1166 τοιοῦτον
1148 1117 1313 1166 ἀπεῖπε
1354 1115 1413 1167 τὰ
1457 1117 1729 1184 πραχθέντα
1743 1148 1783 1169 20

210 1198 315 1247 ee'w’
353 1197 534 1248 ἐκείνων
577 1197 642 1262 μὴ
686 1198 822 1265 κύρια
862 1198 992 1250 εἶναι.
1060 1201 1223 1251 οὑτοσὶ
1264 1201 1420 1251 τοίνυν
1459 1199 1545 1265 τὴν
1587 1199 1732 1265 αὐτὴν

209 1280 419 1344 κατέγνω
453 1281 750 1346 παρανομίαν
793 1286 888 1332 τῶν
926 1283 1001 1332 ἐπὶ
1034 1285 1117 1345 τῆς
1158 1284 1472 1348 δημοκρατίας
1509 1306 1726 1350 πεπραγ-

592 1362 605 1390 f

208 1363 372 1426 μένων,
412 1364 557 1430 ἥνπερ
619 1369 714 1415 τῶν
750 1366 818 1415 ἐπ’
861 1366 1044 1415 ἐκείνων
1080 1366 1218 1428 ὑμεῖς·
1260 1367 1430 1430 ὁμοίως
1465 1372 1580 1432 γοῦν
1614 1367 1730 1417 ἄκυ-

142 1470 196 1521 67
210 1470 272 1513 ρα
305 1452 435 1498 ποιεῖ.
481 1448 630 1498 καίτοι
669 1455 690 1483 g
709 1448 759 1499 τί
789 1447 1021 1516 φήσομεν,
1067 1446 1103 1499 ὦ
1137 1450 1301 1516 ἄνδρες
1330 1451 1586 1516 Ἀθηναῖοι,
1625 1457 1732 1502 τοῦ-

209 1554 291 1582 τον
315 1529 500 1598 11κύριον
525 1531 608 1582 τὸν
633 1531 777 1596 νόμον
802 1531 1026 1587 ἐάσαντες
1051 1534 1303 1598 γενέσθαις
1343 1532 1543 1600 πότερον
1574 1533 1633 1585 τὰ
1659 1538 1726 1585 δι-
1743 1562 1758 1583 2
1765 1564 1781 1593 5

213 1613 460 1681 καστήρια,
501 1614 532 1666 ἃ
570 1615 1008 1681 δημοκρατουμένης
1042 1619 1124 1679 τῆς
1160 1614 1347 1669 πόλεως
1392 1618 1441 1667 ἐκ
1480 1621 1574 1667 τῶν
1610 1618 1732 1680 ὀμω-

212 1697 428 1762 μοκότων
469 1698 779 1766 ἰπληροῦται,
834 1699 1014 1750 ιςταύτδι
1064 1699 1326 1764 ἀδικήματα
1371 1706 1466 1754 τοῖς
1514 1703 1588 1752 ἐπὶ
1638 1706 1733 1752 τῶν

212 1782 462 1848 τριάκοντα
512 1785 715 1845 ἀδικεῖν;
774 1786 848 1834 καὶ
899 1789 998 1838 πῶς
1043 1787 1097 1835 οὐ
1139 1783 1318 1845 δεινόν;
1377 1785 1508 1836 ἀλλὰ
1549 1787 1734 1840 δικαίως

212 1865 500 1935 Ῑέψηφίσθαι
524 1889 536 1929 3
583 1869 707 1921 τίνος
734 1869 815 1919 οὖν
841 1868 1013 1918 Π’ἕνεκα
1038 1867 1121 1918 τὸν
1146 1868 1390 1919 Πλύσοντα
1416 1875 1563 1920 ταῦτα
1591 1868 1734 1934 νόμον

214 1951 382 2002 θέσθαι
422 1951 640 2019 φήσομεν
662 1974 675 2015 3
719 1951 849 2016 πλὴν
886 1957 957 2003 Οεὶ
1001 1950 1140 2003 τοῦτό
1185 1974 1253 2005 τις
1298 1952 1459 2015 Ρεῖποι,
1499 1953 1830 2019 μανε’ντες·7ι9

215 2034 341 2085 ἄλλο
368 2034 461 2102 γὰρ
489 2037 571 2086 οὐκ
598 2036 729 2087 ἔστιν
756 2040 913 2087 εἰπεῖν.

352 2118 365 2133 1
392 2119 401 2133 ,
469 2119 492 2134 ‚1
677 2117 687 2132 J

149 2127 202 2168 68
291 2121 391 2183 Λεγ
432 2126 611 2169 Ἶαλλον
636 2141 792 2182 νομον.

865 2218 1088 2259 ΝΟΜΟΣ.

331 2291 474 2341 ι’Μηδὲ
506 2289 628 2340 νόμον
654 2290 797 2339 ἐξεῖναι
830 2288 888 2329 ἐπ’
918 2289 1028 2341 ἀνδρὶ
1057 2291 1195 2337 θεῖναι,
1219 2290 1318 2329 Ξέἆν
1344 2289 1395 2340 μὴ
1425 2290 1495 2330 τὸν
1526 2291 1644 2333 αὐτὸν
1673 2293 1765 2339 ἐπὶ5

273 2360 396 2399 πᾶσιν
414 2357 640 2408 Ἀθηναίοις
661 2359 784 2412 ἶτιθῇ.

517 2491 531 2509 ε

270 2515 286 2542 t
311 2516 418 2563 φησι]
449 2494 543 2562 φησιι
564 2516 604 2550 F.
649 2515 756 2561 φήσει
781 2530 838 2562 γρ.
868 2516 904 2550 S.
1044 2522 1066 2542 U
1093 2517 1255 2564 ὁπόσοις]
1285 2515 1430 2551 ὁπόσαις
1461 2517 1498 2552 S.
1541 2494 1683 2552 ὁπόσὲἶς
1707 2529 1736 2551 r.

218 2576 237 2595 X
258 2570 389 2616 ὁπόσα]
414 2570 512 2604 οὗτος
531 2568 552 2602 ἂ
571 2569 684 2603 A.k.s.
823 2575 840 2599 Υ
861 2569 952 2615 δίκη]
978 2566 1065 2613 δίκηι
1086 2569 1126 2604 F.
1257 2567 1275 2595 ἶ
1295 2569 1435 2615 πάντες]
1458 2570 1604 2604 ἅπαντες
1623 2570 1737 2604 A.k.s.

218 2629 238 2648 a
257 2624 310 2657 καὶ
327 2624 362 2658 S.
403 2623 603 2668 Legebatur
624 2623 676 2656 καὶ
695 2620 741 2656 τί.
783 2620 819 2656 τί
835 2636 889 2668 γρ.
913 2622 950 2657 S.
1108 2620 1125 2648 b
1155 2622 1295 2667 μάλιστ’
1313 2621 1372 2669 ἂν]
1396 2621 1436 2656 ἂν
1455 2624 1607 2667 μάλιστα
1627 2622 1736 2657 F.s.v.

219 2682 235 2701 c
254 2675 294 2719 ἦν
313 2688 382 2710 om.
404 2688 431 2710 r.
541 2672 561 2699 d
581 2675 718 2720 οὑτοσὶ]
742 2675 882 2708 οὑτοσὶν
902 2687 931 2709 s.
1052 2680 1068 2700 Ε
1089 2675 1140 2710 ἐπ’
1161 2675 1294 2710 ἐκείνων
1314 2688 1383 2711 om.
1405 2677 1475 2710 A.k
1491 2689 1518 2712 S.
1640 2672 1656 2699 f
1672 2679 1740 2709 τῶν

219 2742 289 2763 om.
310 2728 631 2763 A.F.S.Y.O.k.r.s.
742 2733 763 2761 g
782 2728 832 2774 τί]
849 2743 888 2773 γε
908 2729 983 2762 As.
1005 2733 1039 2762 et
1059 2741 1111 2774 pr.
1132 2730 1170 2764 k.
1200 2730 1234 2763 τί
1251 2744 1291 2774 γε
1311 2735 1488 2764 correctus
1507 2730 1542 2763 k.
1645 2726 1660 2749 ¹¹
1683 2727 1739 2762 κύ-

218 2781 308 2828 ριον]
334 2781 448 2827 κύριον
468 2779 551 2815 εἶναι
570 2793 598 2815 r.
734 2778 744 2804 i
763 2780 970 2826 πληροῦται]
994 2784 1166 2827 πληροῦτε
1185 2783 1258 2816 A.S.
1391 2779 1413 2806 k
1432 2781 1554 2827 ταύτὰ]
1575 2783 1680 2814 ταῦτα
1702 2782 1738 2815 S.

221 2835 226 2857 ¹
249 2835 464 2881 ἐψηφίσθαι]
489 2833 672 2880 ἐψήφισθε
690 2835 765 2868 A.S.
913 2839 944 2858 m
965 2833 1075 2880 ἕνεκα]
1100 2834 1208 2869 εἵνεκα
1229 2835 1299 2870 ΞΝ.
1438 2841 1458 2859 Π
1478 2833 1649 2880 λύσοντα]
1674 2833 1736 2867 λύ-

221 2902 330 2922 σαντα
349 2888 422 2922 Α.ι·.
566 2892 584 2911 ⁰
604 2887 633 2920 εἷ
655 2887 690 2920 S.
721 2886 921 2932 Legebatur
940 2887 969 2921 εἷ
987 2886 1045 2931 μή.
1074 2888 1156 2923 Vid.
1178 2889 1223 2922 ad
1242 2901 1277 2933 p.
1299 2898 1363 2935 91,
1388 2886 1448 2921 26.
1588 2892 1608 2920 P
1628 2885 1734 2932 εἴποι]

220 2939 296 2984 εἵπη
316 2941 353 2974 k.
464 2946 484 2973 (1
504 2940 628 2986 ἄλλον]
653 2939 768 2986 ἕτερον
788 2940 900 2974 A.k.s.
1000 2945 1012 2960 Γ
1033 2941 1144 2988 Μηδὲ]
1169 2941 1294 2990 μηδένα
1316 2940 1390 2974 Ο.Ι·.
1489 2945 1504 2964 S
1520 2939 1740 2974 ἐὰν-πᾶσιν

220 3006 291 3029 om.
313 2994 386 3028 A.s.
437 2994 527 3027 Tum
557 3000 704 3038 uterque
734 2990 783 3027 οἷς
812 3005 874 3038 pro
894 2992 1096 3036 Ἀθηναίοις.
1146 2995 1302 3039 Apparet
1321 3006 1364 3027 ex
1383 2993 1437 3027 his
1458 2993 1494 3026 in
1510 2993 1629 3027 codice
1649 2993 1738 3027 anti-
