1954 3273
59 154 212 208 -629‚
231 169 263 195 6.
583 158 725 196 KATA
759 156 1218 195 ΑΡΙΣΤΟΚΡΑΤΟΤΣ.
1609 153 1694 198 659

183 269 367 322 δικαίως
408 267 677 335 “χρήσομαι
716 273 782 338 τῷ
818 267 964 336 λόγῳ,
1002 267 1051 320 ὃς
1089 272 1176 320 Οεἷς
1211 268 1295 331 μὲν
1321 268 1494 331 ταύτην
1520 266 1701 329 τίθεμαι

184 351 270 415 τὴν
308 352 444 420 τάξιν
478 352 618 403 αὐτὸν
653 354 701 402 ἐν
739 351 768 420 ᾗ
801 353 1034 416 πλείστης
1070 350 1126 401 ἂν
1159 350 1384 418 τυγχάνοι
1418 354 1568 414 τιμῆς,
1595 348 1626 400 ἃ
1662 352 1699 399 δ’

186 437 278 487 οὐδ’
308 437 416 499 ἡμῖν
453 441 548 489 τοῖς
575 437 695 501 γε’νει
735 435 950 488 πολίταις
989 437 1133 497 ἐστὶν,
1161 436 1256 485 οὐδ’
1285 436 1440 503 ἐκείνῳ
1476 438 1570 485 δεῖν
1603 432 1696 484 ροῖ-

186 545 269 585 μαι
295 521 515 586 γενέσθαι
553 520 682 586 παρὰ
717 520 823 574 τοὺς
863 519 1045 582 νόμους.
1089 520 1171 570 τίν’
1201 520 1282 570 οὖν
1316 521 1420 570 ἐστὶ
1445 525 1626 580 ταῦτα;
1671 516 1755 568 ἂιο

125 608 312 661 27Ἷνυνὶ
345 605 582 673 γέγραφεν
626 605 801 656 οὑτοσί.
842 605 1103 670 γέγραπται
1142 603 1234 670 γὰρ
1266 605 1315 654 ἐν
1346 603 1429 665 μὲν
1470 607 1536 672 τῷ
1576 601 1703 670 νόμῳ

188 688 274 752 τὴν
311 688 493 752 βουλὴν
539 688 733 754 δικάζειν
778 686 925 757 φόνου
970 689 1045 738 καὶ
1085 687 1346 752 τραύματος
1390 689 1439 737 ἐκ
1484 687 1706 752 προνοίας

189 775 263 823 καὶ
307 778 534 838 πυρκαϊᾶς
581 776 655 823 καὶ
702 770 1004 840 Γφαρμάκων,
1050 770 1129 821 ἐάν
1173 794 1243 825 τις
1287 771 1536 837 ἀποκτείνῃ
1579 769 1699 823 δούς.
1749 805 1756 817 2

191 860 264 907 καὶ
300 857 537 922 προειπὼν
576 859 600 907 ὁ
641 859 733 910 θεὶς
772 857 854 907 τὸν
895 856 1037 919 νόμον
1073 863 1084 885 ⁶

1089 855 1193 906 ζε’διν
1229 856 1516 922 ἀποκτείνῃ,”
1552 855 1708 920 κρίσιν

190 942 438 1004 πεποίηκεν
477 940 638 1004 5ὅμως,
672 941 749 990 t01')
787 939 1016 1006 πρότερον
1057 941 1105 990 τί
1138 939 1227 1006 χρὴ
1268 940 1474 1006 πάσχειν
1510 937 1593 988 τὸν
1628 942 1701 989 δε·
1726 959 1759 990 ¹5

191 1023 395 1089 δρακότα
421 1023 581 1089 εἴρηκε,
610 1029 780 1086 καλῶς,
807 1023 843 1074 ὦ
870 1024 1033 1090 ἄνδρες
1061 1028 1318 1088 Ἀθηναῖοι,
1344 1027 1472 1074 τοῦθ’
1497 1022 1610 1088 ὑπὲρ
1638 1023 1710 1072 εὐ-

191 1108 380 1168 σεβείας
422 1106 537 1171 ὅλης
577 1111 660 1171 τῆς
703 1108 886 1160 πόλεως
930 1107 1152 1172 προϊδών.
1212 1112 1346 1169 πῶς;
1407 1107 1488 1157 οὐκ
1530 1106 1710 1156 ἔνεστιν

129 1197 180 1239 28
193 1190 404 1245 ἅπαντας
442 1192 563 1255 ἡμᾶς
602 1192 764 1243 εἰδέναι
803 1193 900 1245 “τίς
939 1193 1042 1242 ποτ’
1083 1193 1214 1241 ἐστὶν
1249 1193 1273 1242 ὁ
1310 1188 1612 1259 ἀνδροφόνος.
1657 1188 1711 1239 τὸ

192 1274 277 1338 μὲν
303 1274 358 1338 δὴ
385 1274 468 1325 ’(τά
493 1281 685 1326 τοιαῦτα
711 1276 819 1326 ἄνευ
851 1276 1045 1341 κρίσεως
1083 1275 1334 1336 πιστεύειν,
1364 1275 1421 1325 ἄν
1455 1298 1524 1328 τις
1558 1275 1712 1325 Υέπαι-
1727 1299 1767 1319 20

193 1357 427 1423 τιάσηται,
467 1358 616 1409 δεινὸν
655 1360 825 1424 ἡγεῖτο,
860 1362 954 1410 δεῖν
999 1361 1036 1409 δ’
1083 1359 1429 1422 ὑπελάμβανεν,
1468 1357 1713 1424 ἐπειδήπερ

193 1443 322 1506 ἡμεῖς
359 1441 687 1508 τιμωρήσομεν
721 1447 787 1512 τῷ
826 1442 1097 1504 πεπονθότι,
1138 1445 1389 1506 πεισθῆναι
1434 1444 1509 1493 καὶ
1550 1445 1715 1505 μαθεῖν

193 1526 338 1590 Ζἡμᾶς
378 1527 739 1590 διδασκομένους
780 1529 841 1580 ὡς
884 1526 1089 1592 δέδρακε·
1147 1531 1399 1588 τηνικαῦτα
1440 1524 1533 1591 γὰρ
1574 1525 1706 1575 εὐσε-

132 1608 277 1670 29βὲς
313 1609 401 1674 ἤδη
440 1609 652 1675 κολάζειν
691 1610 866 1661 εἰδόσιν
907 1608 1032 1671 εἶναι,
1067 1608 1296 1676 πρότερον
1340 1610 1377 1660 δ’
1406 1610 1472 1660 οὔ.
1532 1609 1608 1658 καὶ
1644 1608 1711 1658 ἔτι

983 1694 1002 1721 b

194 1693 313 1759 πρὸς
349 1694 524 1763 ἓιτούτῳ
563 1695 841 1761 διελογίζετο
876 1695 946 1745 ὅτι
1012 1694 1168 1746 πάντα
1210 1694 1269 1745 τὰ
1309 1699 1499 1745 τοιαῦτα
1538 1692 1711 1755 ὀνόμα-
1730 1712 1768 1742 25

195 1801 269 1836 τα,
312 1778 408 1829 οῖον
447 1777 526 1828 ε’άν
565 1801 634 1832 τις
668 1779 933 1846 ἀποκτείνῃ,
968 1778 1047 1829 ε’άν
1080 1801 1149 1831 τις
1183 1777 1493 1845 ἱεροσυλήσῃ,
1534 1777 1614 1828 ε’άν
1649 1800 1718 1830 τις

195 1865 370 1931 προδῷ,
398 1864 474 1912 καὶ
513 1862 572 1912 τὰ
609 1869 800 1913 τοιαῦτα
838 1862 994 1914 πάντα
1032 1861 1148 1927 0πρὸ
1183 1861 1267 1925 μὲν
1303 1867 1386 1912 τοῦ
1414 1860 1526 1925 ἀτὴν
1561 1862 1717 1926 κρίσιν

196 1946 415 2012 γενέσθαι
461 1950 620 1997 αἰτιῶν
658 1945 866 2005 ὀνόματά
907 1948 1074 2007 εέστιν,
1117 1944 1304 1996 ἐπειδὰν
1349 1944 1397 1996 δὲ
1438 1945 1609 2010 κριθείς
1648 1967 1717 1997 τις

196 2030 471 2098 ἐξελεγχθῇ,
515 2035 768 2094 τηνικαῦτα
817 2028 1082 2093 ἀδικήματα
1131 2030 1358 2094 γίγνεται.
1423 2029 1476 2079 οὐ
1521 2027 1578 2092 δὴ
1624 2030 1717 2079 δεῖν

198 2112 312 2182 ᾤετο
345 2118 411 2182 τῷ
446 2116 528 2177 τῆς
555 2114 702 2166 αἰτίας
730 2112 922 2176 ὀνόματι
962 2114 1187 2179 τιμωρίαν
1213 2112 1558 2182 προσγράφειν,
1585 2110 1716 2162 ἀλλὰ
1730 2125 1812 2177 629

198 2198 366 2264 κρίσιν.
407 2199 482 2248 καὶ
521 2196 596 2248 διὰ
634 2203 794 2259 ταῦτα,
836 2197 893 2247 ἄν
928 2220 996 2250 τις
1031 2197 1280 2264 ἀποκτείνῃ
1319 2196 1438 2254 τινὰ,
1479 2194 1564 2260 τὴν
1601 2201 1715 2256 βου-·

200 2281 291 2346 λὴν
341 2280 535 2347 δικάζειν
586 2281 782 2349 ἔγραψε,
829 2283 905 2332 καὶ
956 2282 1042 2348 οὐχ
1094 2280 1226 2348 ἅπερ,
1269 2280 1325 2331 ἂν
1368 2283 1485 2349 ἁλῷ,
1531 2279 1716 2332 Ῐπαθεῖν

138 2393 192 2435 30
203 2364 293 2431 χρὴ
320 2363 458 2415 εἶπεν.
504 2366 528 2414 ὁ
565 2364 647 2427 μὲν
674 2364 728 2427 δὴ
756 2364 838 2414 τὸν
865 2363 1007 2428 νόμον
1032 2368 1171 2419 τιθεὶς
1206 2366 1366 2427 οὕτως,
1394 2366 1418 2415 ὁ
1457 2364 1504 2414 δὲ
1531 2364 1584 2415 τὸ
1610 2364 1710 2432 ψή-
1730 2377 1745 2406 5

203 2455 363 2514 φισμα
401 2447 601 2515 γράφων
639 2453 774 2510 πῶς;
817 2448 896 2499 ἐάν
937 2472 1005 2502 τις
1047 2451 1314 2517 ἀποκτείνῃ,
1357 2451 1522 2517 ἕφησὶ,
1556 2450 1714 2515 Χαρί-

261 2611 278 2629 ¹¹
301 2603 489 2649 χρήσομαι]
515 2603 663 2647 θήσομαι
682 2606 786 2638 A.r.s.
918 2612 935 2630 0
956 2605 1018 2651 εἷς]
1043 2607 1072 2640 εἷ
1091 2619 1117 2639 ΞΔ
1252 2616 1270 2645 I)
1290 2604 1382 2650 οἶμαι
1404 2606 1438 2641 S.
1468 2605 1580 2651 οἴομαι
1599 2607 1716 2652 vulgo.

206 2661 222 2685 q
243 2657 330 2702 νυνὶ]
355 2659 413 2690 νῦν
432 2669 459 2690 S.
613 2663 629 2681 Γ
654 2658 855 2704 φαρμάκων]
880 2661 1078 2703 τραυμάτων
1099 2673 1124 2694 S.
1281 2664 1296 2684 S
1326 2658 1579 2705 ὅμως-εἴρηκε
1599 2672 1667 2693 om.
1689 2671 1716 2693 r.

206 2710 220 2735 t
239 2710 295 2755 οὐ]
319 2711 371 2743 καὶ
391 2711 430 2743 οὐ
448 2721 517 2743 rec.
540 2709 583 2743 O.
695 2717 715 2735 ¹¹
736 2711 801 2757 τίς]
827 2712 860 2745 τί
880 2713 953 2746 A.S.
1078 2719 1095 2737 X
1117 2715 1156 2747 τὰ
1177 2725 1248 2748 om.
1271 2715 1305 2747 k.
1423 2719 1441 2746 y
1461 2712 1713 2758 ἐπαιτιάσηται]

361 2773 391 2790 αι
418 2773 433 2790 Ο

208 2796 440 2839 ἐπαιτιάσηται
462 2797 500 2830 F.
590 2802 607 2820 Ζ
628 2796 730 2843 ἡμᾶς]
756 2797 839 2840 ὑμᾶς
859 2799 930 2832 k.v.
1024 2804 1043 2824 a
1062 2798 1188 2847 τούτῳ]
1213 2801 1314 2833 τοῦτο
1335 2800 1476 2833 A.k.r.s.
1568 2795 1588 2823 b
1609 2799 1719 2832 πάντα

207 2861 276 2883 om.
296 2861 328 2882 v.
439 2855 454 2874 ⁰
474 2850 540 2893 πρὸ
559 2850 620 2892 μὲν
639 2851 716 2896 τοῦ]
742 2852 808 2895 πρὸ
827 2853 887 2884 τοῦ
907 2852 967 2895 μὲν
988 2852 1071 2886 O.k.
1194 2849 1212 2877 d
1232 2853 1292 2896 τὴν
1312 2865 1381 2886 om.
1405 2853 1441 2886 S.
1562 2857 1578 2876 e
1599 2852 1714 2897 ἐστιν]

207 2902 294 2936 εἷσὶν
313 2902 347 2935 k.
457 2899 471 2926 f
489 2903 607 2937 παθεῖν
625 2904 691 2948 χρὴ
711 2900 820 2949 εἶπεν]
844 2901 926 2938 εἶναι
944 2907 980 2939 S.
1009 2906 1128 2939 παθεῖν
1148 2902 1240 2940 εἶπεν
1255 2905 1535 2941 A.Y.O.k.r.S.v.
1557 2911 1592 2939 et
1610 2919 1665 2950 γρ.
1681 2905 1717 2940 S.

209 2961 228 2988 g
248 2956 337 3000 φησὶ
358 2967 428 2989 om.
450 2968 502 3001 pr.
522 2956 565 2990 Y.
