1954 3273
20 175 173 229 -506‚
195 191 242 215 10.
662 180 804 218 ΠΡΟΣ
836 180 1142 217 AEHTINHN.
1577 181 1660 221 533

54 302 130 346 175
145 288 246 357 λαξ
268 289 296 353 ἡ
323 290 371 339 ἐν
395 289 563 358 Ἀρείῳ
589 289 728 358 πάγῳ
762 290 990 340 τέτακται.
1034 291 1083 341 ἐν
1108 291 1263 341 τοίνυν
1289 296 1384 344 τοῖς
1417 293 1522 357 περὶ
1548 294 1655 342 τού·-

143 397 238 424 των
274 372 431 437 νόμοις
469 376 494 424 ὁ
522 375 725 440 Δράκων
752 374 960 442 φοβερὸν
985 374 1378 440 “κατασκευάζων
1405 379 1480 427 καὶ
1515 375 1661 426 δεινὸν

141 457 196 508 τό
229 480 334 508 τινα
371 458 618 524 αὐτόχειρα
656 457 814 508 ἄλλον
852 459 1007 508 ἄλλου
1043 460 1307 524 γίγνεσθαι,
1344 460 1419 509 καὶ
1460 458 1662 526 γράφων

142 541 389 608 Χχέρνιβος
427 542 668 608 εἴργεσθαι
693 541 776 592 τὸν
803 541 1113 610 ἀνδροφόνον,
1139 546 1376 604 σπονδῶν,
1404 543 1660 609 κρατήρων,
1679 562 1712 593 ¹5

143 629 290 692 ἱερῶν,
317 627 505 691 ἀγορᾶς,
532 624 689 676 πάντα
720 625 883 676 τᾶλλα
921 624 1118 676 διελθὼν
1145 625 1212 680 οῖς
1245 626 1439 689 μάλιστ’
1469 627 1527 677 ἄν
1561 634 1656 677 Υτι-

144 733 226 763 νας
252 707 367 778 ᾤετο
394 711 606 777 ἐπισχεῖν
633 716 714 760 τοῦ
740 710 952 760 τοιοῦτόν
983 733 1027 760 τι
1052 715 1212 772 ποιεῖν,
1242 710 1366 774 ὅμως
1406 712 1488 761 οὐκ
1523 712 1657 779 ἀφεί-

143 802 253 845 λετο
292 792 377 858 τὴν
416 799 498 844 τοῦ
533 795 709 844 δικαίου
744 793 894 862 τάξιν,
926 796 1038 844 ἀλλ’
1080 795 1241 859 ἔθηκεν
1280 796 1350 863 ἐφ’
1387 795 1453 849 οἷς
1495 796 1662 864 ἐξεῖναι

141 878 512 940 Ζἀποκτιννύναι,
539 877 626 929 κᾶν
653 880 773 929 οὕτω
810 901 879 931 τις
906 878 1075 946 δράσῃ,
1104 877 1310 945 καθαρὸν
1344 879 1561 945 διώρισεν
1593 878 1655 930 εἶ·
1677 902 1716 924 20

144 986 233 1014 ναι.
278 961 354 1014 εἶτ’
396 965 663 1013 ἀποκτεῖναι
707 962 792 1025 μὲν
834 964 1019 1016 δικαίως
1057 964 1106 1013 ε”ν
1147 986 1201 1028 γε
1237 968 1334 1017 τοῖς
1374 966 1482 1030 παρ’
1521 967 1662 1028 ἃὺμῖν

142 1045 298 1109 νόμοις
325 1046 528 1115 ἐξέσται,
556 1046 694 1113 χάριν
721 1049 758 1096 δ’
786 1048 997 1096 ἀπαιτεῖν
1024 1049 1128 1097 οὕτε
1156 1048 1342 1101 δικαίως
1369 1049 1464 1098 οὔθ’
1495 1049 1658 1099 ὁπωσ-
1690 1091 1693 1093 .

52 1139 128 1190 176
142 1136 223 1181 οῦν
250 1129 326 1180 διὰ
353 1129 434 1180 τὸν
461 1130 628 1180 τούτου
655 1130 799 1194 νόμον
821 1152 833 1192 3
877 1134 1117 1194 μηδαμῶς,
1145 1129 1181 1181 (ἶ)
1209 1131 1372 1197 ἄνδρες
1402 1133 1660 1196 Ἀθηναῖοι·

141 1213 207 1279 μὴ
233 1213 472 1275 βούλεσθε
504 1217 653 1264 δοκεῖν
682 1215 831 1264 πλείω
857 1218 1146 1278 πεποιῆσθαι
1172 1214 1388 1279 σπουδὴν
1415 1216 1541 1269 ὅπως
1567 1240 1658 1280 μη-

1436 1298 1454 1326 ¹³
1464 1301 1663 1363 κομίσα-
1676 1325 1713 1355 25

142 1301 234 1350 δενὶ
273 1303 367 1349 τῶν
406 1299 454 1349 εὖ
492 1321 536 1349 τι
576 1298 835 1349 ποιούντων
872 1299 989 1362 ὑμᾶς
1024 1297 1163 1366 χάριν
1203 1299 1393 1367 ἐξέσται

143 1388 258 1434 σθαι
283 1382 311 1447 ἦ
339 1381 465 1435 ὅπως
499 1384 659 1446 μηδεὶς
693 1380 862 1450 εφόνος
898 1383 946 1432 ἐν
981 1387 1038 1450 τῇ
1078 1382 1216 1434 πόλει
1241 1384 1506 1448 γενήσεται·
1551 1386 1661 1434 ἀλλ’

1057 1465 1165 1520 ᾱοῦς
1207 1469 1255 1518 εὖ
1291 1468 1578 1522 πεπονθότες
1615 1470 1664 1519 εὖ

143 1467 519 1532 ἀναμνησθέντες
558 1471 651 1518 τῶν
690 1472 877 1532 καιρῶν,
916 1479 1023 1533 παρ’

141 1551 423 1616 πεποιήκατε
460 1550 568 1604 τοὺς
599 1553 886 1617 εὑρομένους,
915 1554 991 1602 καὶ
1017 1555 1099 1615 τῆς
1127 1550 1452 1620 Δημοφάντου
1479 1551 1663 1616 στήλης

141 1639 246 1703 περὶ
290 1636 345 1701 ἧς
390 1633 486 1687 εἷπε
528 1636 765 1701 Φορμίων,
805 1636 852 1686 ἐν
898 1633 927 1702 ᾗ
967 1635 1229 1701 γέγραπται
1269 1637 1343 1685 καὶ
1383 1637 1662 1699 θόμώμοται,

143 1720 201 1770 ἄν
226 1743 295 1773 τις
321 1719 511 1782 ἀμύνων
536 1743 580 1769 τι
608 1718 739 1786 πάθῃ
778 1723 836 1786 τῇ
876 1719 1177 1786 δημοκρατία,
1205 1717 1287 1771 τὰς
1314 1717 1457 1772 αὑτὰς
1493 1719 1663 1770 δώσειν
1674 1732 1759 1784 506

144 1804 318 1871 δωρεὰς
357 1803 514 1870 ἇσπερ
558 1804 797 1873 εΑρμοδιίρ
839 1806 914 1854 καὶ
952 1804 1337 1869 Ἀριστογείτονι,
1378 1805 1656 1872 καταψηφί-

144 1892 302 1938 σασθε
339 1893 423 1938 τοῦ
468 1886 627 1950 νόμου.
672 1888 725 1937 οὐ
771 1886 864 1953 γὰρ
902 1886 1046 1938 ἔνεστ’
1088 1888 1302 1953 εὐορκεῖν,
1343 1891 1380 1937 εἰ
1421 1887 1485 1951 μὴ
1523 1893 1662 1938 τοῦτο

144 1971 402 2035 Ῡποιήσετε.

54 2070 127 2111 177
219 2056 362 2123 Παρὰ
399 2056 586 2107 ἓπάντα
617 2055 666 2106 δὲ
700 2061 848 2106 ταῦτα
883 2058 1026 2105 ἐκεῖνο
1063 2055 1128 2105 ε”τι
1163 2053 1402 2104 ἀκούσατέ
1430 2077 1534 2117 μου.
1580 2057 1664 2105 οὐκ

143 2141 208 2192 ε”νι
243 2147 408 2192 τοῦτον
435 2141 555 2207 ἔχειν
578 2145 734 2192 καλῶς
767 2137 851 2189 τὸν
882 2137 1038 2201 νόμον,
1072 2137 1093 2163 ¹²
1111 2137 1161 2191 ὃς
1194 2139 1300 2203 περὶ
1326 2142 1420 2187 τῶν
1445 2145 1657 2205 παρελη-
1676 2159 1692 2190 5

144 2223 358 2276 λυθότων
395 2223 489 2274 ἰκαὶ
528 2223 651 2274 ι(τῶν
687 2222 962 2287 μελλόντων
1001 2221 1149 2273 ταύτὰ
1187 2221 1328 2287 λέγει.
1368 2223 1521 2287 μηδέν’
1551 2222 1669 2274 εἶναι’

145 2314 296 2377 φησιν
326 2311 470 2372 ἀτελῆ
510 2306 640 2371 πλὴν
677 2312 771 2358 τῶν
811 2308 891 2375 ἀφ’
920 2307 1176 2373 Ἀρμοδίου
1202 2307 1277 2356 καὶ
1312 2307 1664 2373 Ἀριστογείτο-

144 2417 233 2447 νος.
281 2398 455 2447 καλῶς.
509 2391 627 2457 μηδὲ
678 2391 732 2442 τὸ
779 2389 947 2442 λοιπὸν
997 2391 1165 2460 ἐξεῖναι
1220 2392 1392 2441 δοῦναι.
1451 2392 1556 2454 μηδ’
1606 2389 1664 2441 ἂν

143 2478 346 2528 τοιοῦτοί
379 2500 497 2530 τινες
535 2476 773 2542 γένωνται,
809 2476 1052 2539 Λεπτίνη;
1098 2479 1135 2524 εὶ
1173 2473 1232 2524 τὰ
1268 2472 1362 2540 πρὸ
1400 2479 1482 2524 τοῦ
1521 2496 1658 2524 κατε·
1680 2502 1718 2523 10

198 2640 218 2659 ¹¹
239 2634 510 2681 κατασκευάζων]
532 2636 585 2669 καὶ
605 2634 774 2676 σκευάζων
795 2646 821 2667 S.
949 2639 963 2654 Χ
985 2631 1144 2677 χέρνιβος
1165 2631 1299 2667 S.Y.O.
1333 2632 1534 2678 Legebatur
1552 2633 1663 2677 χερνί-

1404 2691 1416 2711 ς

876 2691 888 2707 0

143 2724 227 2763 βων,
258 2722 353 2767 quod
380 2721 417 2754 in
445 2736 501 2767 γρ.
530 2723 637 2756 habet
666 2722 700 2755 S.
743 2718 912 2765 χερνίβων
939 2720 979 2754 F.
1145 2726 1164 2752 Y
1191 2718 1300 2764 τινας]
1336 2733 1410 2752 τινα
1441 2720 1481 2753 F.
1525 2733 1600 2752 τινα
1626 2731 1660 2753 v.

147 2782 162 2800 ⁷·
182 2773 434 2820 ἀποκτιννύναι]
458 2774 690 2809 ἀποκτεινύναι
710 2775 782 2808 A.s.
814 2771 1068 2807 ἀποκτειννύναι
1090 2773 1125 2808 S.
1277 2778 1295 2797 a
1315 2771 1409 2817 ὑμῖν]
1434 2772 1511 2815 ἡμῖν
1531 2771 1662 2806 A.F.S.

146 2828 406 2862 Y.O.k.r.S.t.V.
479 2825 497 2853 b
520 2828 745 2873 κομίσασθαι]
770 2827 968 2870 κεκομίσθαι
987 2832 1014 2861 t.
1103 2832 1119 2851 ⁶
1139 2826 1264 2872 φόνος]
1289 2824 1418 2870 φθόνος
1436 2838 1463 2859 r.
1546 2821 1565 2849 d
1585 2824 1658 2869 οὓς]

146 2879 164 2914 ὃ
185 2894 213 2915 S.
327 2887 342 2906 θ
362 2880 532 2925 ὀμώμοται
555 2882 589 2915 S.
620 2881 821 2925 ὀμώμοσται
840 2881 959 2926 Vulgo.
1077 2876 1092 2904 f
1108 2879 1288 2925 ποιήσετε]
1313 2877 1477 2920 ποιήσητε
1500 2877 1661 2912 S.Y.O.1·.

147 2939 168 2967 g
186 2935 295 2969 πάντα
315 2935 351 2968 δὲ
371 2935 492 2981 ταῦτα]
517 2937 624 2968 ταῦτα
643 2935 678 2968 δέ
698 2935 808 2968 πάντα
827 2934 862 2968 k.
974 2930 994 2957 h
1018 2932 1054 2969 ὃς
1075 2945 1145 2968 om.
1167 2933 1278 2980 pr.vk.
1390 2928 1399 2954 i
1421 2930 1489 2976 καὶ]
1515 2931 1567 2964 καὶ
1587 2932 1664 2975 περὶ

147 2988 260 3022 A.k.s.
372 2985 391 3012 k
413 2992 480 3022 τῶν
499 2988 656 3022 additum
677 3000 719 3022 ex
739 2987 895 3021 A.S.k.s.
1232 2982 1241 2986 “
