1954 3273
79 178 237 232 -673‚
254 194 282 218 8.
607 183 752 220 ΚΑΤΑ
787 180 1244 219 ΑΡΙΣΤΟΚΡΑΤΟΎΣ.
1638 179 1718 218 705

196 293 431 357 σωτηρίας
471 294 495 342 ὁ
535 293 823 357 Χαρίδημος,
863 290 1030 352 διαβὰς
1069 295 1130 343 εἷς
1173 290 1257 353 τὴν
1297 288 1605 356 Χερρόνησον
1643 291 1714 357 ἐφ’
1735 313 1768 343 15

197 376 339 425 αὑτοῦ
379 374 454 425 διὰ
492 374 576 429 τὰς
620 374 848 436 σπονδὰς,
886 373 1117 425 τοσούτου
1162 373 1351 437 ἐδέησεν
1396 374 1609 424 ἐπελθεῖν
1653 376 1719 440 τῷ

199 458 358 519 Κότυϊ,
385 458 639 526 γεγραφὼς
674 458 742 508 ὅτι
779 459 866 524 οὐχ
898 459 1117 520 ὑπομενεῖ
1150 455 1305 509 Κότυς
1339 455 1479 506 αὐτὸν
1516 454 1718 517 ἐπιόντα,

195 539 225 605 ἢ
251 540 337 605 τὴν
362 540 671 607 Χερρόνησον
692 542 845 594 ζὸπως
872 544 1107 604 κομιεῖσθε
1138 542 1260 603 ὑμεῖς
1281 539 1573 607 συμπρᾶξαι,
1595 537 1718 590 ὥστε

196 624 345 676 πάλιν
375 625 627 687 μισθώσας
654 623 795 674 αὑτὸν
820 629 886 692 τῷ
918 623 1070 675 Κότυϊ
1104 623 1163 674 τὰ
1198 623 1436 675 ὑπόλοιπα
1471 628 1565 673 τῶν
1602 625 1710 686 ὑμε-
1730 647 1769 669 20

108 712 183 764 187
199 708 344 774 τέρων
371 710 554 775 χωρίων
582 708 598 734 ¹¹
612 707 862 774 Κριθώτην
889 710 964 757 καὶ
991 706 1296 758 ἰἘλαιοῦντα
1322 705 1598 772 ἐπολιόρκει.
1641 709 1716 757 καὶ

198 793 268 843 ὅτι
302 798 463 854 ταῦτα,
499 794 574 842 καὶ
609 792 744 854 ἡνίκα
780 791 838 841 ἔτ’
868 790 923 855 ἦν
950 793 998 841 ἐν
1024 794 1081 858 τῇ
1112 791 1259 858 Ἀσίᾳ
1293 793 1368 841 καὶ
1405 789 1490 853 τὴν
1525 792 1716 841 ἐπιστο-

196 876 287 940 λὴν
335 875 546 939 1(ἔπεμπε
602 874 720 940 πρὸς
780 877 910 938 ὑμᾶς,
962 873 1200 939 1ἐγνωκὼς
1256 879 1402 926 ποιεῖν
1453 874 1717 941 ἐφενάκιζεν

923 965 953 983 ¹¹¹
971 956 1026 1021 ἣν
1065 957 1320 1022 ἐποιήσατο
1352 958 1620 1027 γνώσεσθε·
1666 959 1716 1009 ἐκ

198 961 329 1023 ὑμᾶς,
367 958 460 1010 ἀπὸ
501 962 582 1022 τῆς
622 957 887 1018 διαβάσεως·

196 1043 289 1109 γὰρ
326 1042 536 1104 Ἀβύδου
577 1045 659 1104 τῆς
698 1040 781 1091 τὸν
823 1040 1009 1093 ἅπαντα
1050 1041 1221 1108 χρόνον
1267 1044 1373 1106 ὑμῖν
1417 1043 1600 1109 ἐχθρᾶς,
1639 1045 1766 1097 καῖτε

197 1127 303 1178 ὅθεν
330 1126 455 1190 ἦσαν
481 1130 523 1176 οἱ
556 1123 747 1189 Σηστὸν
774 1125 1140 1188 καταλαβόντες,
1167 1130 1228 1179 εἷς
1257 1126 1448 1190 Σηστὸν
1475 1127 1715 1189 διέβαινεν,

104 1209 281 1261 188Πῧν
316 1208 407 1276 εἶχε
444 1208 615 1261 Κότυς.
672 1210 818 1259 καίτὸι
854 1208 919 1272 μὴ
956 1208 1158 1274 νομίζετε
1194 1209 1300 1273 μήτ’
1330 1209 1388 1260 ἂν
1421 1209 1529 1264 τοὺς
1560 1211 1711 1271 Ἀβυ-

194 1292 359 1357 δηνοὺς
398 1292 538 1343 αὐτὸν
578 1292 889 1359 ὑποδέχεσθαι
928 1292 1068 1356 ομήτ’
1106 1292 1164 1343 ἂν
1202 1292 1309 1346 τοὺς
1348 1295 1396 1344 ἐν
1433 1297 1499 1361 τῷ
1540 1297 1716 1361 Σηστῷ

193 1381 275 1441 τῆς
313 1379 571 1439 ἐπιστολῆς
610 1377 716 1438 ὑμῖν
755 1376 926 1439 ἐκείνης
963 1376 1302 1440 Ρπεπεμμένης,
1338 1380 1375 1426 εὶ
1413 1376 1478 1440 μὴ
1511 1376 1809 1443 συνῄδε-673

193 1484 287 1511 σαν
337 1459 662 1528 (ἷφενακίζοντι
714 1460 839 1527 αὐτῷ
894 1458 998 1509 τότε
1053 1462 1129 1510 καὶ
1181 1458 1522 1527 συνεξηπάτων
1572 1461 1715 1523 αὐτοὶ,

191 1544 473 1607 βουλόμενοι
511 1549 593 1593 τοῦ
633 1542 717 1606 μὲν
757 1545 974 1607 διαβῆναι
1011 1544 1065 1595 τὸ
1100 1543 1373 1610 στράτευμα
1413 1546 1529 1607 ὑμᾶς
1564 1552 1710 1611 Υπαρ-

205 1629 218 1646 Ι
390 1628 402 1643 Χ
493 1630 504 1644 5
604 1627 615 1641 l
936 1627 948 1641 Ι
1128 1629 1137 1643 ’
1197 1628 1218 1644 (Ι
1460 1629 1472 1645 Ι
1644 1630 1653 1644 Ι

192 1652 312 1697 εχειν
352 1652 436 1692 την
478 1634 764 1696 ασφαλειαν,
805 1629 1056 1688 διαβαντος
1099 1632 1155 1690 δ,
1194 1652 1308 1694 οπερ
1351 1634 1531 1692 συνεβη
1571 1633 1709 1680 Βδον-

192 1735 270 1766 τος
308 1710 605 1777 Ἀρταβάζου
646 1710 731 1774 τὴν
766 1711 937 1773 ἄδειαν,
974 1713 1127 1765 αὑτοῖς
1168 1711 1373 1780 ὑπάρξαι
1411 1711 1496 1776 τὴν
1534 1715 1706 1779 χρείαν.
1726 1738 1742 1769 5

192 1796 262 1847 ὅτι
305 1798 459 1847 τοίνυν
498 1797 649 1846 ἵοῦτω
677 1797 804 1846 ταῦτ’
843 1796 948 1862 ἔχει,
988 1797 1097 1861 λε’γε
1141 1795 1225 1850 τὰς
1264 1795 1535 1858 ἐπιστολὰς,
1575 1798 1632 1861 ἥν
1669 1803 1711 1847 τ’

189 1881 403 1949 ἔπεμψεν
445 1883 612 1933 ἐκεῖνος
656 1882 731 1930 καὶ
773 1878 857 1932 τὰς
900 1879 1030 1945 παρὰ
1073 1884 1166 1930 τῶν
1211 1878 1453 1946 ἀρχόντων
1490 1887 1510 1905 ¹¹
1525 1885 1619 1931 τῶν
1663 1883 1713 1932 ἐκ

191 1964 515 2031 Χερρονήσου·
561 1964 810 2029 γνώσεσθε
844 1962 972 2029 Χ’γὰρ
1005 1965 1054 2014 ἐκ
1089 1963 1267 2014 τούτων
1303 1963 1373 2013 ὅτι
1407 1966 1536 2015 ταῦθ’
1565 1966 1711 2019 οὕτως

101 2056 178 2109 189
192 2049 298 2117 ἔχει.
355 2058 374 2087 y
390 2048 517 2114 λε’γε.

246 2207 266 2233 ἑῑ
285 2201 392 2247 ὅπως]
418 2201 509 2235 ὅσων
529 2213 580 2247 pr.
605 2202 640 2235 S.
768 2197 786 2226 b
810 2201 1001 2245 Κριθώτην]
1027 2201 1107 2234 Hoc
1126 2206 1272 2235 accentu
1292 2201 1439 2235 A.k.r.s.
1487 2201 1710 2235 Scribebatur

194 2255 380 2299 Κριθωτὴν,
413 2261 447 2288 et
482 2255 530 2288 sic
562 2255 655 2299 apud
686 2254 1001 2299 Harpocrationem
1032 2266 1172 2300 quoque
1202 2254 1370 2299 aliosque,
1398 2260 1544 2288 accentu
1570 2254 1708 2294 vitioso,

193 2320 296 2353 quem
318 2309 451 2342 correxi
471 2308 507 2341 in
528 2308 707 2341 Thesauro
729 2307 899 2353 Stephani
918 2308 986 2341 vol.
1003 2319 1039 2353 4.
1061 2320 1096 2353 p.
1120 2306 1230 2354 1964.
1254 2308 1382 2341 collato
1401 2308 1550 2341 Arcadio
1568 2321 1602 2353 p.
1621 2319 1635 2341 1
1648 2318 1707 2352 14,

200 2371 255 2405 13.
277 2362 451 2407 allatoque
470 2367 586 2395 vetere
611 2361 791 2406 seripturae
811 2361 973 2406 exemplo
993 2374 1035 2395 ex
1058 2361 1163 2394 Isocr.
1186 2361 1229 2394 de
1247 2361 1355 2394 antid.
1377 2373 1411 2406 p.
1429 2362 1520 2406 446,
1538 2369 1628 2407 447.
1651 2362 1706 2395 ed.

193 2414 310 2448 Oxon.
352 2415 508 2448 Aecentu
528 2420 622 2448 caret
644 2414 677 2447 S.
804 2410 814 2437 '¹
834 2413 1035 2447 Ἐλαιοῦντα
1054 2414 1096 2448 Y.
1133 2413 1357 2447 Scribebatur
1376 2413 1571 2448 Ἐλεοῦντα.
1615 2415 1706 2448 Har-

192 2467 403 2512 pom-ationis
430 2468 476 2513 gl.
497 2467 655 2502 Ἐλαιοῦς
680 2467 724 2500 ad
749 2467 843 2500 hunc.
867 2467 984 2500 locum
1011 2467 1237 2512 probabiliter
1261 2467 1397 2500 rettulit
1421 2468 1604 2502 Dobraeus.
1654 2468 1707 2501 De

191 2526 338 2566 utraque
377 2521 546 2566 scriptura
584 2533 615 2554 v.
648 2520 688 2553 L.
718 2519 880 2554 Dindorf.
915 2520 950 2553 in
980 2521 1160 2554 Thesauro
1194 2520 1364 2565 Stephani
1397 2521 1464 2554 vol.
1486 2531 1521 2565 3.
1558 2533 1592 2566 p.
1614 2519 1704 2563 664.

192 2570 211 2597 k
232 2573 375 2619 ἔπεμπε]
400 2575 533 2619 ἔπεμψε
554 2586 582 2608 r.
706 2570 715 2597 ¹
736 2572 904 2619 ἐγνωκὼς]
929 2572 1086 2607 τάναντία
1106 2573 1259 2619 ἐγνωκὼς
1277 2573 1495 2607 A.F.k.r.s.v.
1619 2580 1648 2598 m
1668 2572 1707 2617 ἣν

1616 2624 1651 2653 ὃν

191 2659 375 2703 ἐποιήσατο
395 2661 573 2706 γνώσεσθε
594 2660 741 2694 codices.
780 2660 959 2704 ’γνώσεσθε
979 2658 1018 2702 ἣν
1037 2656 1360 2705 ἐποιήσατοχνυίἕο.
1495 2666 1513 2684 1¹
1535 2659 1589 2705 ὃν]
1614 2659 1652 2703 ἣν
1671 2671 1704 2693 v.

192 2711 231 2756 ἢν
250 2714 398 2748 A.k.r.s.
420 2719 455 2748 et
473 2728 529 2759 γρ.
552 2715 587 2747 S.
711 2718 729 2736 0
749 2710 789 2745 ἂν
807 2712 903 2757 τοὺς]
926 2713 1046 2747 αυτοὺς
1067 2713 1156 2756 (sine
1176 2713 1316 2758 spiritu)
1338 2714 1378 2747 A.
1411 2711 1452 2746 αὖ
1471 2713 1550 2747 τοὺς
1568 2714 1703 2747 k.r.s.v.

193 2771 212 2798 P
234 2766 462 2812 πεπεμμένης]
493 2766 708 2811 πεμφθείσης
728 2766 871 2799 A.k.r.s.
920 2765 960 2798 In
989 2778 1098 2811 marg.
1121 2767 1162 2800 B.
1187 2766 1400 2812 (pariterque
1422 2766 1477 2810 F.)
1498 2771 1705 2799 annotatum

192 2817 382 2861 σημείωσαι
401 2821 624 2863 πεπεμμένης.
646 2833 700 2864 γρ.
722 2819 774 2851 καὶ
793 2818 1064 2862 ἀπεσταλμένης.
1217 2826 1236 2852 (1
1256 2818 1467 2864 φενακίζοντι
1488 2818 1593 2865 αὐτῷ]
1618 2818 1707 2864 αὐτῷ

192 2872 403 2915 φενακίζοντι
423 2873 562 2906 A.k.r.S.
666 2877 680 2895 ¹·
699 2871 875 2917 παρέχειν]
899 2874 1090 2916 παρασχεῖν
1111 2872 1252 2906 A.k.r.s.
1359 2878 1373 2896 5
1394 2871 1528 2916 δόντος]
1553 2872 1705 2905 διδόντος

193 2923 284 2960 Y.O.
306 2931 341 2959 et
361 2932 536 2960 correctus
556 2938 587 2959 v.
691 2923 704 2948 t
724 2922 812 2957 οὕτω
830 2923 944 2969 ταῦτ’]
966 2923 1059 2959 ταῦθ’
1080 2924 1185 2961 οὕτως
1204 2926 1345 2959 A.k.r.s.
1448 2930 1467 2949 1¹
1487 2927 1554 2958 τῶν
1573 2936 1642 2958 om.
1666 2924 1702 2959 S.

193 2981 212 3000 Χ
231 2977 313 3023 γὰρ]
339 2979 373 3011 δὲ
396 2978 437 3012 Β.
549 2986 567 3014 ,V
588 2978 667 3023 λέγε
689 2990 758 3012 om.
783 2977 951 3011 S.Y.O.k.

892 3054 916 3078 c,
937 3054 964 3095 g
984 3052 1005 3081 2
