1954 3273
101 176 253 229 —678‚
269 192 322 218 24.
665 179 808 217 ΚΑΤΑ
842 177 1297 216 ΑΡΙΣΤΟΚΡΑΤΟΎΣ.
1656 173 1733 214 711

744 288 757 305 X

220 294 543 357 γνωσθεισῶν,
569 292 673 341 οὔτε
706 312 792 354 την
816 289 1059 355 “Χαβριὀυ
1092 287 1238 356 δόξαν
1268 285 1598 354 αἰσχυνθέντες
1634 288 1738 337 οὔτε

220 379 316 425 τῶν
341 374 753 441 συναγορευόντων
779 371 942 424 οὐδένα
973 369 1424 439 ἀπεχειροτονήσατε
1458 372 1533 420 καὶ
1566 369 1738 423 ταύτας
1752 380 1833 431 658

220 458 367 510 πάλιν
403 457 487 512 τὰς
525 456 777 522 συνθήκας,
814 458 890 507 καὶ
922 454 1262 524 δέψηφίσασθε
1302 454 1539 522 ψήφισμα
1573 452 1733 503 Γλαύ-

222 565 370 595 κωνος
410 540 620 595 εἰπόντος
659 541 854 592 ἑλέσθαι
894 539 1119 606 πρέσβεις
1159 537 1269 589 δέκα
1308 537 1480 604 ἄνδρας
1520 537 1576 605 ἐξ
1610 538 1739 600 ὑμῶν

222 626 390 688 αὐτῶν,
424 624 615 679 τούτους
654 626 707 687 δ’,
742 622 825 675 οᾶν
860 621 968 688 ᾱμέν
1003 621 1202 689 Εέμμένῃ
1237 626 1337 675 ταῖς
1374 620 1492 687 πρὸς
1530 619 1767 684 Ἀθηνό-5

222 713 372 776 δωρον
402 708 657 773 συνθήκαις
682 706 729 759 fc‘)
761 705 1153 774 Κερσοβλέπτης,
1179 705 1367 771 ὁρκίσαι
1402 704 1550 755 πάλιν
1584 704 1738 767 αὐτὸν,

220 796 259 843 εἰ
290 791 339 843 δὲ
373 792 452 857 μὴ,
484 792 613 859 παρὰ
648 791 732 856 μὲν
765 796 864 843 τοῖν
898 793 1024 842 δυοῖν
1059 788 1307 851 βασιλέοιν
1340 790 1602 850 ἀπολαβεῖν
1633 788 1741 842 τοὺς

222 874 400 942 ὅρκους,
437 874 556 942 πρὸς
593 876 630 926 δ’
665 877 836 926 ἐκεῖνον
873 873 1000 927 ὅπως
1037 871 1336 937 πολεμήσετε
1373 880 1394 908 g
1403 871 1734 933 βουλεύεσθαι.

127 971 206 1011 206
220 957 605 1011 ἐκπεπλευκότων
639 958 687 1010 δὲ
721 963 816 1010 τῶν
848 957 1097 1025 πρέσβεων
1135 957 1386 1021 συμβαίνει
1423 961 1519 1011 τοῖς
1553 956 1739 1024 χρόνοις

221 1046 284 1096 εἰς
317 1043 444 1094 τοῦθ’
474 1043 719 1108 ὑπηγμένα
755 1040 816 1093 τὰ
847 1040 1107 1108 πράγματα
1142 1038 1275 1104 11ἤδη,
1310 1039 1570 1107 τριβόντων
1603 1038 1732 1091 ίτού-
1755 1060 1792 1082 10

219 1149 315 1177 των
365 1128 441 1177 καὶ
498 1125 630 1177 οὐδὲν
681 1127 867 1177 ἁπλοῦν
923 1123 1027 1176 οὐδὲ
1083 1124 1259 1176 δίκαιον
1316 1125 1422 1188 ὑμῖν
1480 1121 1740 1174 ἐθελόντων

217 1209 409 1278 πρᾶξαι,
446 1208 592 1260 kege-‘r’
627 1211 915 1273 ἐβοηθοῦμεν
953 1211 1015 1262 εἰς
1054 1209 1276 1271 Εὔβοιαν,
1315 1209 1391 1259 καὶ
1427 1206 1594 1274 Χάρης
1630 1207 1741 1272 ἧκεν

217 1292 360 1361 [ἔχων
398 1292 482 1345 τοὺ
541 1293 716 1362 ξένους,
751 1296 827 1344 καὶ
862 1293 1134 1360 στρατηγὸς
1169 1293 1249 1361 ὑφ’
1277 1294 1406 1356 ὑμῶν
1439 1291 1740 1359 αὐτοκράτωρ

218 1380 282 1431 εἰς
314 1377 624 1444 Χερρόνησον
658 1376 860 1446 ἐξέπλει.
915 1377 1037 1427 οὕτω
1070 1374 1284 1443 ΗΠγράφει
1319 1373 1467 1426 πάλιν
1499 1374 1741 1439 συνθήκας

216 1460 336 1528 πρὸς
372 1460 455 1513 τὸν
490 1461 705 1529 Χάρητα,
740 1460 1123 1528 παραγενομένου
1162 1459 1493 1527 Ἀθηνοδώρου
1531 1461 1607 1510 καὶ
1645 1465 1791 1514 τῶν15

216 1544 474 1609 βασιλέων,
524 1546 697 1600 ταύτας
749 1545 884 1611 αἵπερ
931 1547 1050 1596 εἰσὶν
1094 1551 1115 1571 ¹²
1132 1544 1324 1611 ἄρισται
1372 1545 1448 1594 καὶ
1499 1543 1734 1596 δικαιότα-

217 1652 310 1680 ται.
371 1631 448 1681 καὶ
481 1629 636 1700 Οέργῳ
673 1630 838 1681 ἑαυτὸν
875 1628 1133 1698 ἐξήλεγξεν
1171 1628 1242 1680 ὅτι
1280 1632 1623 1697 καιροφυλακεῖ
1654 1628 1740 1693 τὴν

216 1712 360 1764 πόλιν
391 1714 537 1778 ἡμῶν,
564 1716 639 1765 καὶ
675 1713 808 1765 οὐδὲν
842 1715 1029 1765 ἁπλοῦν
1065 1713 1237 1779 ε”γνωκε
1274 1717 1423 1764 ποιεῖν
1457 1712 1550 1763 οὐδ’
1578 1713 1734 1763 Ρῖσον.

122 1816 201 1858 207
219 1795 298 1848 εἶθ’
339 1795 394 1848 ὃν
432 1798 569 1864 ὁρᾶτε
613 1800 662 1849 ἐκ
702 1800 1060 1864 (ἶπροσαγωγῆς
1101 1798 1241 1860 Υὺμῖν
1285 1797 1444 1865 φίλον,
1490 1797 1566 1846 καὶ
1612 1795 1739 1851 ὅπως
1751 1824 1792 1846 20

218 1878 276 1931 ἂν
326 1881 445 1944 ὑμᾶς
494 1880 726 1932 δύνασθαι
776 1887 790 1908 ³
808 1881 994 1949 νομίσῃ,
1046 1882 1167 1932 οὕτω
1223 1879 1342 1947 πρὸς
1393 1881 1511 1944 ὑμᾶς
1561 1881 1739 1935 εὐνοίας

217 1964 400 2032 ἔχοντα,
433 1970 601 2016 τοῦτον
639 1965 795 2017 οἴεσθε
833 1969 926 2016 δεῖν
963 1965 1161 2033 ἰσχυρόν
1198 1969 1304 2016 ποτ’
1333 1967 1472 2015 ἐᾶσαι
1503 1964 1738 2030 γενέσθαι,

217 2050 293 2099 καὶ
318 2054 467 2100 ταῦτα
493 2049 546 2099 δι’
578 2050 736 2113 ὑμῶνς
777 2049 860 2100 οὐκ
893 2049 963 2114 ἄρ’
993 2049 1144 2115 ὀρθῶς
1172 2049 1419 2115 ἐγνώκατε.
1474 2048 1550 2099 ἵνα
1583 2049 1738 2100 τοίνυν

217 2133 355 2197 εἰδῆθ’
384 2132 456 2183 ὅτι
481 2133 690 2197 ιτοίληθῆ
717 2132 858 2199 λέγω,
885 2133 1011 2195 λαβέ
1039 2155 1119 2197 μοι
1151 2132 1237 2197 τὴν
1267 2131 1527 2197 ἐπιστολὴν
1557 2132 1586 2196 ἢ
1620 2132 1737 2196 μετὰ

275 2291 293 2311 ²²
311 2285 480 2332 Χαβρίου]
503 2286 631 2331 χαβρία
650 2298 677 2320 r.
801 2284 817 2308 b
837 2285 1084 2332 ἐψηφίσασθε]
1109 2285 1309 2331 ψηφίζεσθε
1326 2286 1469 2320 A.k.r.s.
1581 2291 1596 2311 0
1618 2285 1676 2332 ἂν]
1702 2287 1737 2321 ἐν

219 2335 310 2373 Y.O.
332 2345 366 2373 et
385 2352 437 2385 pr.
460 2339 508 2380 S„
529 2339 589 2385 qui
608 2351 629 2373 a
647 2347 843 2374 correctore
863 2340 920 2373 ἐὰν
938 2340 1055 2374 habet.
1140 2336 1159 2363 d
1178 2339 1239 2382 μὲν
1259 2351 1327 2373 om.
1348 2339 1492 2373 A.k.r.s.
1576 2344 1592 2363 e
1612 2340 1735 2384 ἐμμένῃ

218 2403 289 2426 om.
308 2392 438 2427 S.Y.O.
456 2393 517 2427 sed
534 2393 572 2426 in
592 2393 628 2427 S.
645 2393 713 2427 hoe
727 2398 763 2427 et
781 2405 864 2427 mox
884 2394 902 2425 ὁ
923 2391 1180 2438 κερσοβλέπτης
1199 2404 1324 2426 manus
1343 2393 1488 2438 antiqua
1506 2393 1598 2426 inter
1616 2406 1736 2428 versus

1565 2455 1601 2473 (ΤΕ

218 2478 366 2515 addidit.
455 2475 471 2502 f
487 2479 505 2512 ὁ
526 2480 794 2525 Κερσοβλέπτης
812 2490 883 2513 0111.
907 2478 1039 2514 S.Y.O.
1132 2483 1152 2511 g
1171 2477 1419 2524 βουλεύεσθαι]
1442 2479 1674 2519 βουλεύεσθαι
1694 2480 1734 2514 F.

217 2531 474 2571 βουλεύσεσθαι
492 2544 524 2565 v.
671 2528 692 2556 1¹
712 2532 773 2575 ἤδη
794 2544 814 2565 a
832 2543 881 2566 m.
904 2532 1049 2577 antiqua
1068 2531 1238 2565 insertum
1258 2532 1364 2566 habet
1386 2533 1432 2573 S„
1453 2544 1531 2577 quae
1551 2535 1737 2577 τριβόντων

219 2594 359 2629 quoque
378 2585 416 2618 in
435 2585 676 2629 διατρ’βόντων
694 2584 855 2619 mutavit.
964 2581 974 2608 i
994 2583 1123 2618 τούτων
1142 2596 1212 2619 om.
1233 2597 1261 2619 r.
1364 2583 1381 2607 k
1403 2585 1486 2619 ὥστ’
1507 2585 1731 2631 ἐβοηθοῦμεν]

220 2635 311 2670 ὥστε
329 2637 520 2682 βοηθοῦμεν
538 2638 684 2672 A.k.r.s.
849 2635 859 2664 Ῑ
883 2638 971 2682 ἔχων
990 2638 1070 2673 τοὺς
1089 2637 1233 2683 ξένους]
1246 2638 1325 2674 τοὺς
1344 2639 1460 2682 ξένους
1479 2639 1570 2684 ἄγων
1588 2640 1732 2673 A.k.r.s.

221 2694 252 2713 m
271 2690 398 2734 γράφει
417 2690 538 2736 πάλιν]
562 2692 666 2725 πάλιν
683 2690 810 2736 γράφει
829 2691 973 2725 A.k.r.s.
1167 2696 1188 2715 Π
1207 2691 1361 2738 ἄρισται]
1385 2693 1567 2733 βέλτισται
1588 2693 1733 2726 A.k.r.s.

221 2746 240 2766 0
260 2742 365 2789 ἔργῳ]
390 2743 476 2788 ἔγνω
494 2755 527 2778 v.
642 2748 663 2776 P
682 2742 778 2789 ἴσον]
803 2742 900 2777 ὅσιον
917 2758 973 2789 γρ.
994 2744 1034 2777 F.
1069 2742 1166 2778 ὅσιον
1185 2756 1309 2779 manus
1329 2746 1473 2790 antiqua
1492 2745 1734 2790 superscripsit

220 2794 258 2828 in
279 2795 314 2828 S.
407 2801 426 2829 q
445 2796 692 2842 προσαγωγῆς]
716 2796 961 2842 Harpocratio,
981 2793 1041 2831 Ἐκ
1058 2799 1284 2844 προαγωγῆς·
1310 2797 1385 2832 ἀντὶ
1404 2800 1465 2831 τοῦ
1484 2800 1569 2842 πρὸς
1589 2797 1735 2842 ἀνάγκην

221 2848 275 2881 καὶ
300 2848 360 2882 οὐκ
388 2848 424 2882 ἐκ
450 2847 588 2894 φύσεως
615 2848 685 2883 οὐδ’
705 2849 885 2885 ἁπλοϊκῶς·
915 2849 934 2893 ἡ
962 2851 1140 2895 μεταφορὰ
1164 2850 1230 2885 ἀπὸ
1255 2853 1323 2885 τῶν
1348 2851 1413 2895 οὐχ
1438 2850 1576 2895 ἡμένων,
1601 2849 1678 2885 ἀλλ’
1699 2851 1735 2885 ἐκ

220 2902 404 2945 προβολῶν
418 2901 747 2948 προηναγκασμένων
761 2902 912 2947 δεσμοῖς.
934 2903 1153 2948 Δημοσθένης
1167 2903 1237 2938 κατ’
1249 2903 1548 2949 Ἀριστοκράτους.
1606 2911 1621 2931 Γ
1636 2903 1730 2950 ὑμῖν]

219 2978 288 3013 ὄνθ’
309 2980 386 3023 ὑμῖν
406 2981 480 3017 ΡΝ.
567 2989 581 3008 S
601 2982 744 3028 νομίσῃ]
769 2951 891 3027 νομίὲῃ
913 2983 952 3017 F.
1037 2982 1051 3008 t
1069 2977 1214 3029 τάληθῆ]
1238 2982 1330 3018 ταῦτ’
1350 2984 1457 3027 ἀληθῆ
1478 2984 1704 3019 A.F.k.r.s.v.

278 3055 370 3081 vOL.
395 3055 445 3082 11.
940 3058 971 3084 H
992 3044 1019 3084 h
