1954 3273
119 175 229 215 —72
241 174 273 208 1,
295 177 326 201 2.
709 166 849 203 ΚΑΤΑ
881 166 1285 204 ΤΙΜΟΚΡΑΤΟΎΣ.
1675 164 1752 205 751

238 298 322 328 τας
349 275 590 337 δεικνύναι,
618 275 684 329 οἷς
722 282 871 327 πᾶσιν
896 278 1099 330 ἐναντίος
1135 279 1265 328 ἐστὶν
1293 276 1345 327 δν
1372 277 1505 330 οὗτος
1543 277 1754 327 τέθεικεν.

239 361 348 409 ἀλλ’
392 360 507 413 ’ίσως
549 359 640 425 ἐγὼ
679 360 776 423 μὲν,
815 365 851 411 εἷ
892 363 998 426 περὶ
1036 360 1227 411 πάντων
1269 363 1370 426 ἐρῶ,
1416 359 1755 428 ἐξωσθήσομαι

237 446 343 510 περὶ
379 443 487 494 1τοῦ
519 446 624 508 μηδ’
652 443 908 508 ἐπιτήδειον
946 444 1068 497 ὅλως
1108 446 1215 508 ὑμῖν
1241 443 1354 495 εἶναι
1393 443 1474 495 τὸν
1510 443 1653 506 νόμον
1687 447 1748 494 εἰ·
1769 467 1784 498 5

237 532 355 590 πεῖν,
397 529 503 590 ὑμῖν
537 530 578 578 δ’
617 528 785 590 ὁμοίως
829 529 990 595 ἔνοχος
1028 532 1289 597 ΠΙφανεῖται
1330 532 1387 596 τῇ
1426 531 1605 596 γραφῇ,
1645 530 1755 577 ”Kal

173 630 224 671 72
238 615 274 661 εἷ
309 613 374 662 ἑνὶ
411 616 506 662 τῶν
543 611 726 662 οὄντων
766 611 921 675 νόμων
959 613 1164 666 ἐναντίος
1201 613 1347 663 ἐστίν.
1389 616 1490 665 πῶς
1532 611 1612 661 οὖν
1650 617 1755 673 Ρμοι

163 1643 213 1685 73

236 697 391 755 δοκεῖς
432 693 539 748 τοὺς
562 693 648 758 μὲν
673 695 854 748 ἄλλους
881 697 973 757 ἐᾶν,
999 697 1104 761 περὶ
1130 697 1167 745 δ’
1198 695 1251 746 οὗ
1277 694 1505 762 πρότερόν
1531 699 1637 745 ποτ’
1665 695 1750 743 αὐ-

235 777 314 832 τὸς
340 785 360 813 q
376 779 510 832 οὗτος
537 778 671 843 ε”θηκε
698 777 841 842 νόμου
867 779 1098 831 διελθόντ’
1126 781 1194 830 ἐπ’
1220 781 1362 830 ἐκεῖνο
1390 780 1502 830 ἱέναι
1536 778 1590 829 τὸ
1615 778 1754 844 με’ρος

234 865 316 927 τῆς
355 863 640 930 κατηγορίας
678 863 781 928 ἤδη,
808 866 870 918 ὡς
904 872 920 891 Γ
936 867 1012 915 καὶ
1045 872 1059 890 ³
1075 864 1244 930 μεγάλ’
1274 863 1331 915 ἂν
1356 864 1566 926 βλάπτοι
1593 862 1747 929 ἵγενό-
1773 887 1808 908 ιο

230 970 368 1010 μενος
406 948 561 1015 κύριος
597 947 683 1012 τὴν
717 947 874 1000 πόλιν.
933 948 988 1000 τὸ
1022 948 1106 1013 μὲν
1136 950 1257 1000 “οῧν
1291 953 1387 1002 τοῖς
1422 953 1553 999 Χτῶν
1588 948 1754 998 ἄλλων

229 1034 439 1083 ἐναντίον
490 1032 833 1100 εἰσενηνοχέναι
885 1032 1028 1098 νόμον
1080 1032 1227 1084 δεινὸν
1250 1033 1347 1097 μὲν,
1401 1033 1510 1083 ἀλλ’
1564 1039 1581 1066 y
1598 1031 1754 1082 ἄλλου

757 1116 771 1132 Χ

231 1118 374 1167 δεῖται
400 1116 682 1183 κατηγόρου·
726 1140 780 1168 το
807 1124 824 1143 ²
843 1116 893 1169 δὲ
917 1121 984 1186 τῷ
1010 1119 1088 1186 ὑφ’
1117 1118 1282 1167 ἑαυτοῦ
1308 1115 1537 1183 πρότερον
1562 1115 1753 1185 κειμένῳ

229 1199 357 1270 νόμῳ
396 1202 618 1252 τάναντία
655 1208 675 1227 ⁸
692 1206 852 1265 θεῖναι,
887 1202 1010 1252 τοῦτ’
1039 1201 1127 1266 ἤδη
1165 1206 1292 1252 ποιεῖ
1324 1200 1586 1266 κατήγορον
1611 1198 1754 1250 αὐτὸν

228 1285 372 1335 αὑτοῦ
404 1288 707 1350 γεγενῆσθαι.
750 1286 804 1336 ἵν’
834 1286 916 1336 οὖν
950 1286 1073 1336 τοῦτ’
1102 1288 1250 1349 εἰδῆτε
1281 1284 1573 1350 γιγνόμενον,
1601 1282 1746 1333 ιὀἰνα-
1766 1300 1802 1333 15

227 1369 462 1434 γνώσεται
499 1368 582 1420 τὸν
619 1369 762 1434 νόμον
803 1371 909 1433 ὑμῖν
935 1368 1078 1420 αὑτὸν
1113 1367 1166 1420 δν
1192 1369 1325 1422 οὗτος
1365 1369 1542 1432 ἔθηκεν·
1583 1366 1676 1432 ἐγὼ
1703 1366 1751 1417 δὲ

228 1452 551 1517 σιωπήσομαι.
593 1453 718 1518 λέγε.

878 1554 1100 1594 ΝΟΜΟΣ.

343 1634 587 1687 Τιμοκράτης
622 1635 743 1682 εἶπεν,
781 1637 922 1676 ὁπόσοι
955 1635 1177 1687 Ἀθηναίων
1212 1635 1290 1675 κατ’
1322 1636 1579 1687 εἰσαγγελίαν
1613 1635 1654 1673 ἐκ
1686 1636 1751 1684 τῆς

283 1705 434 1752 βουλῆς
464 1703 486 1752 ἢ
516 1706 586 1742 νῦν
617 1703 720 1742 εἰσὶν
752 1704 794 1742 ἐν
823 1706 873 1758 τῷ
904 1704 1180 1757 ςδεσμωτηρίῳ
1208 1702 1230 1753 ἢ
1259 1703 1302 1742 τὸ
1324 1702 1468 1742 λοιπὸν
1494 1704 1745 1747 κατατεθῶσι,
1764 1717 1802 1739 20

285 1770 347 1808 καὶ
376 1769 428 1819 μὴ
459 1772 659 1821 παραδοθῇ
691 1770 713 1819 ἡ
747 1770 990 1822 κατάγνωσις
1019 1772 1144 1811 αὐτῶν
1176 1775 1256 1813 τοῖς
1289 1769 1542 1820 θεσμοθέταις
1573 1769 1648 1809 ὑπὸ
1681 1771 1748 1808 τοῦ

283 1836 537 1887 γραμματέως
567 1840 634 1876 τοῦ
665 1839 761 1876 κατὰ
792 1839 1029 1889 πρυτανείαν
1062 1840 1158 1878 κατὰ
1190 1839 1260 1878 τὸν
1289 1837 1591 1889 εἰσαγγελτικὸν
1612 1838 1744 1888 νόμον,

282 1902 298 1925 ‘¹
314 1905 497 1956 δεδόχθαι
520 1913 535 1933 e
551 1904 728 1956 εἰσάγειν
749 1904 836 1946 τοὺς
858 1905 996 1944 ἕνδεκα
1018 1907 1072 1947 εἷς
1094 1906 1136 1944 τὸ
1158 1905 1404 1956 δικαστήριον
1427 1903 1638 1956 (τριάκονθ’
1655 1905 1746 1954 ἡμε-

281 1975 360 2022 ρῶν
391 1971 456 2023 ἀφ’
479 1972 525 2022 ἧς
556 1972 604 2012 ἂν
634 1973 939 2024 παραλάβωσιν,
962 1975 1032 2013 ἐὰν
1061 1973 1113 2023 μή
1141 1990 1176 2013 τι
1212 1973 1379 2026 δημοσίᾳ
1403 1973 1577 2027 ἓκωλύῃ,
1603 1974 1672 2012 ἐὰν
1703 1973 1743 2012 δὲ
1758 1984 1795 2015 ²5

280 2038 344 2088 μὴ,
375 2039 469 2079 ὅταν
499 2043 652 2090 πρῶτον
680 2040 763 2079 οἶόν
793 2039 823 2078 τ’
846 2038 883 2094 ᾗ.
917 2044 1148 2092 κατηγορεῖν
1177 2040 1209 2080 δ’
1231 2039 1484 2090 11Ἀθηναίων
1512 2039 1580 2079 τὸν
1600 2040 1744 2089 βουλό-

278 2123 400 2156 μενον
428 2108 485 2149 οἷς
517 2107 681 2157 ἔξεστιν.
716 2109 785 2147 ἐὰν
814 2106 843 2147 δ’
875 2109 973 2161 ἁλῷ,
1006 2108 1150 2158 τιμάτω
1178 2108 1201 2158 ἡ
1226 2107 1387 2158 ίὴλιαία
1408 2107 1496 2158 περὶ
1518 2107 1635 2146 αὐτοῦ
1667 2107 1689 2146 ὅ
1709 2123 1745 2146 τι

278 2172 328 2213 ἂν
359 2176 452 2230 δοκῇ
484 2175 588 2224 ἄξιος
617 2174 716 2215 εἶναι
750 2178 892 2215 παθεῖν
919 2174 939 2225 ἢ
970 2176 1167 2215 ἀποτῖσαι.
1203 2176 1272 2215 ἐὰν
1306 2173 1336 2214 δ’
1370 2175 1555 2226 ἀργυρίου
1591 2175 1741 2229 τιμηθῇ,
1761 2181 1835 2224 721

278 2242 450 2282 δεδέσθω
474 2245 490 2269 ¹<
508 2244 578 2284 ἕως
599 2241 648 2283 ἂν
670 2244 802 2293 ἐκτίσῃ
824 2243 846 2282 ὅ
867 2259 902 2282 τι
924 2240 974 2282 ἂν
995 2243 1112 2282 αὐτοῦ
1136 2242 1408 2294 καταγνωσθῇ.

275 2382 285 2409 l
305 2384 383 2430 τοῦ]
408 2388 475 2418 τῶν
494 2397 522 2418 r.
668 2390 698 2408 m
718 2384 891 2430 φανεῖται]
913 2385 1070 2429 φαίνεται
1090 2385 1173 2419 A.k.
1333 2390 1349 2408 ¹¹
1372 2384 1424 2416 καὶ
1443 2382 1488 2428 εἷ]
1510 2383 1539 2416 εἷ
1558 2383 1610 2416 καὶ
1628 2383 1741 2416 A.k.s.

221 2443 241 2462 0
260 2437 366 2471 ὄντων
386 2437 512 2483 νόμων]
538 2437 574 2471 ἐν
593 2439 640 2484 τῷ
659 2436 749 2485 νόμῳ
770 2438 887 2472 A.k.s.
1031 2443 1050 2471 P
1070 2452 1128 2482 μοι
1148 2438 1240 2471 δοκεῖ
1257 2437 1406 2471 codices.
1436 2437 1527 2470 δοκεῖ
1545 2450 1601 2479 μοι
1621 2436 1739 2481 vulgo.

219 2497 241 2524 q
260 2490 357 2525 οὗτος
378 2503 447 2525 om.
472 2490 506 2524 S.
528 2496 563 2524 et
583 2502 634 2536 pr.
655 2490 699 2525 Y.
785 2496 799 2514 Γ
818 2491 871 2524 καὶ
890 2503 961 2525 om.
983 2491 1095 2526 A.k.s.
1179 2496 1194 2515 S
1213 2489 1353 2536 μεγάλ’]
1376 2491 1463 2535 μέγα
1484 2488 1512 2523 δ’
1530 2490 1566 2524 S.
1596 2490 1683 2534 μέγα
1696 2489 1739 2523 Y.

219 2545 353 2589 μεγάλα
372 2542 412 2578 ἂν
432 2543 468 2577 in
487 2557 542 2589 γρ.
562 2543 669 2577 habet
691 2544 726 2578 S.
838 2545 848 2566 t
868 2545 1046 2589 γενόμενος
1065 2543 1194 2590 κύριος]
1219 2542 1332 2589 κύριος
1351 2542 1395 2577 ὢν
1414 2543 1529 2577 A.k.s.
1641 2547 1662 2566 u
1681 2540 1740 2576 οὖν

218 2608 290 2630 om.
312 2597 391 2630 A.k.
505 2602 521 2618 x
541 2599 608 2629 τῶν
626 2596 762 2643 ἄλλων]
786 2596 907 2632 ἅλλοις
925 2597 1039 2631 A.k.s.
1150 2603 1166 2626 5
1186 2597 1313 2642 ἄλλου]
1337 2597 1376 2631 οὐ
1396 2596 1487 2630 Y.O.
1599 2601 1617 2619 Ζ
1637 2595 1673 2628 δέ
1692 2597 1740 2642 τῷ

218 2648 279 2694 ὑφ’
300 2649 437 2695 ἑαυτοῦ]
462 2649 491 2683 δ’
512 2650 614 2683 αὐτοῦ
631 2649 667 2683 S.
796 2654 816 2674 a
835 2650 957 2696 θεῖναι]
983 2650 1111 2684 τιθέναι
1128 2665 1184 2696 γρ.
1206 2651 1243 2685 S.
1393 2649 1409 2672 b
1429 2649 1661 2694 ἀναγνώσεται
1679 2648 1740 2681 τὸν

220 2702 340 2749 νόμον]
365 2703 424 2736 τὸν
444 2703 546 2745 νόμον
565 2702 779 2747 ἀναγνώσετε
798 2714 827 2737 r.
964 2708 980 2728 ⁰
1000 2703 1237 2750 δεσμωτηρίῳ]
1261 2701 1466 2749 δικαστηρίῳ
1485 2714 1514 2736 r.
1643 2697 1663 2725 d
1682 2701 1736 2734 δε-

219 2756 342 2800 δόχθαι
361 2756 542 2801 Taylorus.
578 2756 778 2801 Legebatur
797 2756 956 2800 δεδόχθαι
979 2758 1050 2791 τοῖς
1068 2757 1303 2800 θεσμοθέταις.
1414 2762 1430 2780 e
1450 2753 1617 2800 εἰσάγειν]
1642 2754 1735 2787 εἷσα-

217 2811 336 2854 γαγεῖν
355 2810 462 2844 A.r.s.
573 2806 589 2833 f
605 2808 772 2854 τριάκονθ’
788 2809 900 2843 A.k.S.
933 2809 1132 2855 Legebatur
1152 2810 1246 2845 ἐντὸς
1264 2807 1444 2855 τριάκονθ’.
1476 2807 1580 2841 Conf.
1597 2819 1631 2852 p.
1646 2814 1736 2853 529,

225 2860 282 2896 18.
304 2873 394 2909 931,
416 2872 453 2907 3.
539 2867 560 2895 ἔ
579 2861 710 2908 κωλύῃ]
735 2861 873 2906 κωλύση
893 2875 926 2897 v,
1017 2860 1037 2887 h
1056 2861 1256 2909 Ἀθηναίων]
1279 2862 1438 2906 ἀθηναῖον
1458 2874 1488 2895 v.
1573 2857 1583 2884 i
1602 2859 1732 2906 ἡλιαία]

218 2913 333 2958 ἡλιαία
354 2915 388 2949 S.
409 2915 466 2949 hic
486 2921 521 2950 et
541 2915 634 2949 alibi.
800 2912 821 2940 k
849 2915 927 2961 ἕως]
961 2930 997 2949 τε
1026 2916 1086 2952 ἕως
1109 2917 1290 2951 A.S.k.r.S.
1335 2930 1369 2950 τε
1390 2915 1433 2949 ὡς
1453 2927 1484 2948 V.
1538 2913 1736 2959 Legebatur

217 2982 311 3004 τεως.

275 3042 374 3070 voL.
393 3043 444 3070 11.
944 3043 973 3070 N
996 3044 1021 3069 n
