1954 3273
30 169 185 212 -494,
203 174 254 200 25.
674 163 817 201 ΠΡΟΣ
849 164 1156 202 AEHTlNHN.
1589 167 1669 206 521

151 269 375 339 hoigmfiffec
411 277 506 326 τοῖς
540 272 599 323 τὰ
636 274 821 339 μέγιστ’
851 274 1187 340 εὐεργετοῦσιν,
1219 274 1247 340 ὴ
1284 276 1350 339 μὴ
1386 283 1524 327 τοῦτο
1562 301 1669 329 ποι-

150 362 273 407 οῦσα
305 356 443 424 χάριν
468 359 595 407 τισὶν
620 356 722 408 ἰούκ
753 358 1005 409 ἀποδώσει,
1061 358 1285 424 μεγάλων
1320 359 1404 422 μὲν
1438 361 1519 410 οῦν
1550 363 1673 427 εὐερ-

149 444 324 504 γεσιῶν
359 441 457 490 οὔθ’
485 439 625 503 ι(ἡμῖν
657 441 887 508 συμφέρει
927 442 1206 504 συμβαίνειν
1245 440 1481 495 πολλάκις
1513 442 1673 508 καιρὸν
1685 466 1770 505 494

58 536 135 578 135
151 524 244 573 οὔτ’
272 523 389 576 ’ίσως
421 521 605 591 1ῥᾴδιον
640 525 770 593 αἰτίῳ
806 525 1045 589 γενέσθαι·
1086 525 1286 590 μετρίων
1313 525 1361 576 δὲ
1394 527 1469 576 καὶ
1495 524 1599 576 ωῶν
1625 529 1673 577 ἐν

148 604 304 673 εἰρήνῃ
335 629 404 660 τις
439 611 514 657 καὶ
549 609 764 676 πολιτείᾳ
799 607 972 659 δύναιτ’
1001 607 1058 658 ἂν
1093 609 1353 677 ἐφικέσθαι,
1380 609 1570 671 εὐνοίας,
1598 612 1666 659 δι-

148 690 414 755 καιοσύνης,
442 691 718 755 ἐπιμελείας,
746 695 839 742 τῶν
865 692 1101 754 τοιούτων,
1125 694 1200 742 καὶ
1227 692 1488 761 συμφέρειν
1515 692 1670 759 ἔμοιγε

148 775 276 824 δοκεῖ
308 776 383 824 καὶ
421 778 589 842 χρῆναι
628 775 803 826 διδόναι
841 775 925 829 τὰς
963 774 1112 839 τιμάς.
1177 779 1248 826 δεῖ
1284 777 1439 827 τοίνυν
1475 779 1699 843 μεμερί-5

146 861 260 907 σθαι
288 860 362 908 καὶ
396 858 455 908 τὰ
487 864 580 910 τῶν
606 863 804 926 δωρεῶν,
830 861 888 910 ἵν’
915 860 969 925 ἧς
996 859 1052 910 ἂν
1077 860 1209 929 ἄξιος
1235 859 1299 911 ὧν
1326 861 1525 915 ἕκαστος
1552 862 1664 930 φαί-

146 963 292 1005 νηται,
333 942 507 1006 ταύτην
549 943 679 1009 παρὰ
722 949 804 994 τοῦ
850 943 999 1008 δήμου
1045 943 1308 1012 1[Ἱλαμβάνῃ
1347 943 1434 1008 τὴν
1473 945 1663 1011 δωρεάν.

54 1032 134 1085 136
147 1024 277 1074 ἀλλὰ
311 1025 405 1090 μὴν
441 1027 555 1093 ὑπὲρ
589 1026 653 1078 ὧν
687 1050 741 1092 γε
777 1032 873 1081 τοῖς
907 1027 1171 1093 εὑρημένοις
1206 1026 1290 1081 τὰς
1324 1027 1461 1092 τιμὰς
1492 1036 1664 1080 Οκατα-

145 1108 322 1159 λείπειν
355 1109 549 1177 Ρφήσει,
584 1114 625 1161 οἱ
663 1110 747 1173 μὲν
783 1112 916 1162 ἁπλᾶ
953 1111 1077 1162 πάνυ
1112 1113 1187 1161 καὶ
1223 1113 1354 1162 δίκαι’
1390 1111 1447 1162 ἂν
1486 1113 1666 1177 ε’ίποιεν,

143 1191 296 1255 πάνθ’,
325 1192 419 1244 ὅσα
452 1199 546 1245 τῶν
584 1196 736 1245 αὐτῶν
773 1195 882 1245 ἕνεκ’
912 1196 1066 1247 αὐτοῖς
1093 1195 1206 1245 ἔδοτ’
1235 1196 1526 1262 εὐεργεσιῶν,
1555 1198 1662 1266 ἀξι-
1682 1224 1720 1245 10

146 1280 300 1329 οῦντες
351 1277 483 1344 ἔχειν,
535 1282 577 1328 οἱ
627 1277 676 1328 δὲ
727 1278 984 1345 φενακίζειν
1028 1276 1145 1328 (ὶτὸν
1197 1280 1260 1331 ὡς
1303 1281 1666 1331 Γκαταλείπεται

54 1359 379 1424 1373λέγοντά
421 1384 465 1411 τι
511 1363 677 1415 αὐτοῖς.
740 1363 764 1412 ὁ
809 1361 903 1427 γὰρ
948 1361 1060 1430 ἄξια
1103 1365 1186 1425 τῆς
1231 1363 1442 1416 ἀτελείας
1483 1365 1532 1413 εῦ
1576 1387 1660 1415 πε-

143 1445 381 1508 ποιηκέναι
417 1443 558 1513 δόξας
596 1448 671 1496 καὶ
710 1446 884 1510 ταύτην
921 1449 1028 1510 παρ’
1065 1447 1221 1509 ῑύμῶν
1259 1446 1427 1506 λαβὼν
1465 1446 1551 1511 τὴν
1585 1470 1660 1498 τι-

142 1526 236 1591 μὴν
273 1528 433 1591 μόνην,
467 1528 496 1592 ἢ
533 1530 665 1598 ξένος
698 1528 727 1593 ἢ
762 1530 843 1580 καί
876 1552 945 1582 τις
979 1530 1191 1592 πολίτης,
1218 1529 1402 1581 ἐπειδὰν
1429 1532 1714 1599 ἀφαιρεθῇιὸ

144 1612 332 1676 ταύτην,
358 1613 437 1662 τίν’
469 1613 561 1680 ε”χει
587 1613 760 1677 λοιπὴν
787 1612 977 1678 δωρεὰν,
1004 1614 1270 1677 11Λεπτίνη;
1313 1615 1530 1678 οὐδεμίαν
1556 1615 1665 1679 Χδή-

144 1718 250 1747 που.
304 1696 369 1760 μὴ
404 1698 558 1747 τοίνυν
589 1696 663 1747 διὰ
697 1696 780 1760 μὲν
812 1702 894 1747 τοῦ
925 1700 1097 1746 )’τῶνδε
1133 1703 1408 1762 κατηγορεῖν
1444 1701 1506 1752 ὡς
1542 1700 1665 1766 φαύ-

146 1787 246 1830 λων
283 1781 478 1834 ἐκείνους
517 1783 735 1848 ἀφαιροῦ,
775 1784 825 1831 δι’
869 1780 899 1830 ἂ
936 1785 972 1831 δ’
1014 1782 1071 1831 αῦ
1109 1782 1438 1832 Ζκαταλείπειν
1480 1784 1665 1836 ἐκείνοις

54 1877 132 1931 138
147 1862 329 1930 φήσεις,
355 1864 526 1914 τούσδε
552 1863 576 1914 ὃ
602 1863 746 1927 μόνον
772 1862 1002 1924 λαβόντες
1027 1863 1204 1929 ἔχουσι,
1229 1864 1355 1913 τοῦτ’
1378 1864 1552 1932 ἀφέλῃ.
1600 1867 1662 1920 ὡς

145 1948 214 1995 ὅδ’
255 1947 419 2000 ἁπλῶς
464 1951 618 2008 εἰπεῖν,
658 1948 740 1997 οὐκ
779 1951 816 1997 εἰ
860 1951 954 1997 τῶν
999 1945 1189 1996 πάντων
1233 1945 1518 2010 ἀδικήσομέν
1555 1971 1658 1998 τινα
1674 1978 1714 1999 20

142 2027 207 2093 bi}
244 2030 427 2096 μείζονα
465 2029 492 2095 ἢ
527 2030 769 2092 ἐλάττονα,
797 2030 944 2081 δεινόν
976 2031 1120 2091 ε’στιν,
1147 2031 1257 2079 ἀλλ’
1286 2035 1348 2080 οεὶ
1386 2030 1470 2084 τὰς
1507 2031 1655 2094 τιμὰς,

141 2111 213 2166 αἶς
235 2111 319 2163 ᾶάν
345 2115 464 2164 θἀντ’
485 2115 534 2164 εῦ
559 2113 830 2179 ποιήσωμέν
851 2136 991 2175 τινας,
1014 2114 1244 2166 ἀπίστους
1270 2114 1654 2179 καταστήσομεν·

140 2197 235 2247 οὐδ’
257 2198 281 2247 ὃ
304 2203 531 2252 πλεῖστος
556 2199 709 2264 ἔμοιγε
737 2197 882 2264 λόγος
906 2200 1012 2263 περὶ
1038 2201 1120 2261 τῆς
1140 2200 1352 2252 ἀτελείας
1378 2201 1521 2262 ἐστὶν,
1541 2202 1653 2250 ἀλλ’

278 2278 293 2306 f

140 2280 254 2345 ὑπὲρ
295 2287 378 2331 τοῦ
412 2281 618 2348 πονηρὸν
652 2282 754 2335 ε”θος
785 2282 867 2332 τὸν
898 2281 1042 2345 νόμον
1068 2281 1275 2347 εἰσάγειν
1300 2285 1376 2333 καὶ
1402 2290 1654 2346 ἔτοιοῦτον,

140 2365 195 2414 δι’
220 2364 272 2414 οῦ
298 2364 432 2416 πάντ’
462 2364 670 2416 11οἵπιστα
696 2365 790 2417 ὅσα
816 2367 841 2416 ὁ
868 2369 1012 2429 δῆμος
1039 2367 1232 2417 δίδωσιν
1258 2366 1407 2418 ἔσται.
1666 2400 1703 2431 25

192 2534 214 2561 h
233 2537 389 2584 ἀξιώσει]
413 2538 555 2583 ἀξιώσοι
574 2540 610 2572 k.
764 2535 775 2562 i
795 2538 870 2585 οὐκ]
896 2539 955 2572 οὐκ
973 2535 1012 2572 ἂν
1031 2551 1099 2573 rec.
1123 2539 1158 2573 S.
1309 2536 1330 2564 k
1351 2539 1444 2586 ἡμῖν]
1470 2540 1547 2583 ὑμῖν
1566 2542 1650 2576 A.k.

139 2587 150 2615 Ῑ
167 2589 284 2636 ῥᾴδιον
303 2603 373 2625 om.
390 2604 444 2637 pr.
462 2592 498 2626 k.
570 2597 601 2616 m
621 2587 681 2637 ὧν]
708 2587 752 2625 ὧν
770 2590 811 2626 ἂν
831 2604 858 2626 S.
930 2598 951 2616 Π
970 2593 1144 2638 λαμβάνῃ]
1167 2594 1334 2636 λαμβάνει
1352 2594 1394 2626 A.
1423 2595 1592 2637 λαμβάνοι
1613 2596 1649 2630 k.

139 2649 157 2668 0
176 2645 389 2678 καταλείπειν
407 2645 563 2680 A.S.k.s.
595 2646 790 2679 καταλιπεῖν
808 2646 926 2691 vulgo.
1012 2651 1031 2678 P
1051 2645 1176 2692 φήσει]
1201 2647 1310 2691 φησὶν
1328 2647 1443 2681 A.k.s.
1529 2655 1547 2682 (Ι
1568 2648 1645 2694 τὸν]

137 2697 239 2730 αὐτὸν
258 2698 371 2731 A.k.s.
445 2705 459 2724 Γ
478 2698 731 2744 καταλείπεται]
757 2697 1021 2732 καταλείπεσθαι
1041 2699 1273 2734 F.Y.O.r.t.v.
1295 2705 1330 2733 et
1349 2711 1417 2733 rec.
1440 2700 1475 2733 S.
1557 2705 1571 2723 S
1592 2702 1648 2734 λέ-

135 2751 239 2795 γοντά
259 2751 308 2796 τι]
333 2751 366 2784 τί
385 2752 528 2797 λε’-γοντα
548 2752 586 2785 F.
643 2751 654 2771 ἵ
675 2752 783 2798 ὑμῶν]
809 2751 900 2794 ἡμῶν
919 2752 954 2785 k.
1011 2758 1032 2776 u
1052 2752 1216 2798 Λεπτίνη]
1240 2751 1400 2796 λεπτίνης
1419 2759 1444 2786 t.
1503 2758 1519 2774 Χ
1541 2752 1649 2796 δήπου

136 2803 172 2836 in
192 2804 349 2849 margine
371 2804 405 2837 S.
426 2816 446 2837 a
464 2816 511 2838 m.
532 2810 665 2850 quarta.
776 2811 795 2838 5
814 2805 936 2851 τῶνδε]
961 2804 1088 2839 τούτων
1107 2806 1222 2840 A.k.s.
1334 2812 1352 2830 Ζ
1373 2805 1586 2839 καταλείπειν
1604 2807 1646 2841 A.

138 2856 242 2890 S.k.s.
272 2859 467 2890 καταλιπεῖν
482 2858 598 2903 vulgo.
667 2863 686 2882 a
705 2857 751 2903 δ’]
776 2857 846 2891 οὐδ’
860 2858 905 2893 Ο.
975 2854 994 2882 b
1014 2858 1032 2902 ἢ
1053 2871 1122 2892 om.
1141 2858 1377 2893 F.S.Y.O.t.v.
1445 2863 1461 2882 0
1481 2858 1526 2902 εἰ]
1550 2859 1598 2893 εἷς
1617 2872 1645 2894 s.

136 2905 156 2935 d
175 2907 215 2943 ἂν
235 2921 303 2944 om.
326 2910 402 2944 F.k.
486 2916 501 2935 e
521 2910 832 2957 ἀντευποιὴσωμέν]
857 2911 1144 2956 ἆντευποιὴσομεν
1162 2913 1317 2946 A.F.k.s.
1400 2907 1416 2934 f
1432 2913 1493 2944 τοῦ
1515 2910 1646 2946 S.Y.O.

136 2961 335 3009 Legebatur
355 2966 415 2997 τοῦ
435 2963 491 3007 μή.
566 2969 586 2997 g
604 2964 776 3010 τοιοῦτον]
800 2967 935 2998 τοιοῦτο
954 2965 990 3000 k.
1061 2962 1082 2989 h
1101 2964 1240 3009 ἶίπισταχ
1250 2970 1331 3010 post
1350 2962 1491 2998 δίδωσιν
1511 2964 1616 2999 F.t.v.

856 3039 929 3068 (22
