1954 3273
40 202 198 247 ——529‚
218 208 250 236 7.
712 197 853 234 KATA
888 197 1138 235 ΜΕΙΔΙΟΎ.
1602 198 1685 237 555

167 307 242 357 ἐπὶ
268 304 445 357 τούτων
470 311 566 359 τοῖς
604 308 652 357 ἐκ
690 307 1008 373 προαιρέσεως
1048 310 1296 374 ὑβρισταῖς
1335 308 1571 375 χαλεποὺς
1610 309 1737 359 ὅν-ιο

99 409 249 453 55τας
295 393 404 441 ἰδεῖν
443 389 545 441 ε”στι
583 391 690 445 τοὺς
736 389 923 453 νόμους,
963 391 1095 442 ἀλλὰ
1132 395 1207 443 καὶ
1251 395 1326 461 ἐφ’
1366 392 1601 443 ἁπάντων.
1644 395 1692 443 τί

166 471 284 538 Ζγιῖιρ
312 472 368 535 δή
394 477 516 534 ποτ’,
544 481 559 499 ³
578 471 634 523 ἄν
661 497 730 527 τις
763 472 782 500 b
799 473 967 541 ὀφλών
1002 475 1134 538 δίκην
1172 474 1238 537 μὴ
1274 481 1290 501 ⁶
1307 475 1472 541 ἐκτίνῃ,
1501 472 1520 499 ‘¹
1541 474 1687 524 οὐκέτ’

165 556 386 619 ἐποίησεν
425 556 449 606 ὁ
489 555 628 620 νόμος
669 557 755 621 τὴν
795 557 1029 626 θέξούλης
1073 559 1206 620 ἰδίαν,
1246 557 1377 608 ἀλλὰ
1418 563 1689 624 προστιμᾶν

165 639 359 707 ἐπέταξε
411 643 478 708 τῷ
529 641 773 709 δημοσίῳς
815 643 890 691 καὶ
940 639 1088 691 πάλιν
1137 642 1186 692 τί
1233 641 1413 705 δήποτ’,
1467 640 1552 691 Ῠᾶν
1596 641 1690 705 μὴν

165 722 281 774 ἑκὼν
318 728 430 789 παρ’
459 723 644 778 ἑκόντος
681 748 750 778 τις
785 724 916 792 λάβῃ
954 724 1190 776 τάλαντον
1219 724 1268 775 ἓν
1304 724 1332 789 ἢ
1369 725 1450 776 δύο
1488 724 1516 790 ἢ
1553 726 1690 776 ἕδέκα
1705 751 1739 781 15

165 809 241 858 καὶ
279 812 408 857 ταῦτ’
436 808 760 877 ἀποστερήσῃ,
788 807 921 859 οὐδὲν
949 810 1074 876 αὐτῷ
1109 809 1227 875 πρὸς
1266 808 1352 873 τὴν
1377 808 1520 860 πόλιν
1546 811 1691 871 ἐστὶν,

164 890 259 942 ὴᾶν
298 891 347 942 δὲ
383 899 550 958 μικροῦ
590 893 715 944 πάνυ
755 893 1015 958 τιμήματος
1051 892 1186 962 ἄξιόν
1221 917 1291 947 τις
1335 894 1479 961 λάβῃ,
1522 894 1606 962 βίᾳ
1642 893 1691 944 δὲ

165 981 304 1027 τοῦτο
362 975 611 1045 ἀφέληται,
670 977 723 1028 τὸ
780 978 888 1028 ἴσον
943 982 1009 1046 τῷ
1062 979 1274 1047 δημοσίῳ
1333 983 1605 1044 προστιμᾶν
1649 982 1691 1029 οἱ

97 1077 152 1128 56
168 1059 299 1124 νόμοι
339 1062 611 1112 κελεύουσιν
650 1061 767 1112 ὅσον
807 1085 896 1128 περ
933 1061 1018 1126 ἰδὴ
1056 1065 1122 1131 τῷ
1163 1061 1392 1129 1Ἑῑὶδιώτῃς
1435 1062 1505 1113 ὅτι
1536 1062 1744 1125 πάνθ’,εο

165 1143 287 1195 Ιὅσα
349 1168 417 1198 τις
480 1145 754 1211 βιαζόμενος
821 1144 1029 1211 πράττει,
1087 1146 1218 1196 κοινὰ
1284 1144 1547 1209 ἀδικήματα
1615 1149 1690 1196 καὶ

166 1227 286 1279 κατὰ
311 1233 405 1279 τῶν
432 1227 523 1297 ἔξω
562 1235 645 1280 τοῦ
682 1229 963 1296 πράγματος
1002 1229 1150 1279 ὄντων
1180 1229 1337 1294 ἡγεῖτο
1367 1230 1391 1278 ὁ
1420 1228 1686 1293 νομοθέτης·

165 1311 252 1376 τὴν
277 1310 363 1375 μὲν
388 1311 482 1378 γὰρ
516 1311 657 1380 ἰσχὺν
688 1314 880 1378 ὀλίγων,
908 1310 1014 1365 τοὺς
1042 1311 1089 1362 δὲ
1118 1312 1287 1374 νόμους
1314 1312 1536 1363 ἁπάντων
1563 1310 1690 1374 εἶναι,

167 1398 243 1446 καὶ
277 1395 359 1447 τὸν
394 1395 479 1458 μὲν
510 1397 764 1447 πεισθέντα
803 1397 932 1458 ἰδίας,
959 1395 1042 1446 τὸν
1078 1395 1127 1447 δὲ
1160 1396 1423 1457 βιασθέντα
1459 1397 1690 1459 δημοσίας

99 1500 151 1544 57
168 1482 350 1531 δεῖσθαι
391 1481 625 1545 βοηθείας.
671 1482 832 1547 διόπερ
872 1483 947 1531 καὶ
981 1484 1063 1545 τῆς
1103 1483 1281 1547 ὕβρεως
1307 1482 1449 1545 αὐτῆς
1488 1480 1571 1534 τὰς
1605 1481 1689 1544 μὲν
1703 1504 1740 1535 25

166 1564 357 1633 γραφὰς
408 1564 576 1616 ἔδωκεν
626 1563 799 1616 ἅπαντι
849 1569 916 1635 τῷ
966 1565 1257 1634 βουλομένῳ,
1306 1564 1359 1616 τὸ
1412 1564 1460 1616 δὲ
1511 1567 1691 1629 τίμημα

167 1647 387 1710 ἐποίησεν
426 1647 542 1698 ὅλον
580 1647 827 1712 δημόσιον
870 1647 956 1712 τὴν
995 1647 1088 1714 γὰρ
1129 1647 1272 1699 πόλιν
1308 1649 1463 1714 ἡγεῖτο
1505 1649 1692 1708 ἀδικεῖν,

168 1732 261 1780 mm)
291 1729 375 1781 τὸν
407 1730 624 1782 παθόντα
648 1730 793 1796 μόνον
817 1730 900 1782 τὸν
927 1732 1128 1798 ὑβρίζειν
1154 1733 1487 1799 ἐπιχειροῦντα,
1515 1733 1590 1781 καὶ
1618 1730 1687 1781 δί-

171 1837 256 1878 κην
295 1814 457 1879 ἱκανὴν
489 1815 612 1879 ῐ1τὴν
647 1816 871 1881 τιμωρίαν
907 1813 1019 1865 εἶναι
1057 1819 1123 1883 τῷ
1157 1815 1370 1878 παθόντι,
1398 1815 1618 1882 χρήματα
1654 1815 1691 1865 δ’
1707 1833 1791 1875 529

101 1907 155 1961 58
171 1898 224 1947 οὐ
264 1897 523 1963 προσήκειν
564 1903 657 1949 τῶν
698 1898 921 1949 τοιούτων
963 1900 1038 1967 ἐφ’
1087 1899 1235 1968 ἑαυτῷ
1276 1899 1555 1962 λαμβάνειν.
1618 1900 1694 1948 καὶ

169 1981 380 2050 τοσαύτῃ
404 1987 450 2048 γ’
470 1982 707 2050 ἐχρήσατο
736 1985 1002 2050 ὑπερβολῇ,
1026 1980 1151 2032 ὥστε
1171 1981 1260 2033 κᾶν
1279 1986 1342 2036 εἷς
1366 1986 1537 2033 δοῦλον
1564 1982 1695 2046 ὑβρί-

170 2065 222 2134 ζῃ
260 2090 342 2128 τις,
370 2068 540 2130 ὁμοίως
566 2067 734 2118 ἔδωκεν
762 2066 876 2132 ὑπὲρ
902 2066 1070 2117 τούτου
1095 2065 1304 2134 γραφήν.
1349 2067 1402 2116 οὐ
1428 2065 1521 2132 γὰρ
1562 2065 1694 2119 ὅστις

170 2153 195 2202 ὁ
229 2150 435 2219 πάσχων
478 2149 594 2220 ᾤετο
637 2154 731 2202 δεῖν
776 2155 987 2212 σκοπεῖν,
1027 2149 1159 2199 ἀλλὰ
1195 2149 1249 2200 τὸ
1290 2155 1491 2216 πρᾶγμα
1532 2148 1724 2204 ὁποῖόν5

170 2258 215 2285 τι
249 2234 330 2285 οτὸ
362 2233 655 2300 γιγνόμενον·
699 2233 882 2297 Ρέπειδὴ
919 2236 960 2283 δ’
989 2234 1118 2299 εὗρεν
1157 2235 1239 2284 οὐκ
1277 2233 1551 2298 ἐπιτήδειον,
1579 2233 1694 2298 μήτε

104 2340 159 2381 59
172 2317 290 2385 πρὸς
322 2322 495 2369 δοῦλον
528 2317 639 2382 μήθ’
668 2318 792 2372 ὅλως
818 2318 984 2387 ἐξεῖναι
1011 2317 1262 2384 ᾳπράττειν
1288 2318 1583 2387 Γέπέτρεψεν.
1642 2319 1696 2369 οὐ

229 2530 246 2549 ²
266 2525 332 2570 γὰρ
352 2524 392 2569 δή
412 2524 504 2571 ποτ’]
532 2525 572 2568 δὴ
591 2525 656 2570 γάρ
675 2539 760 2558 ποτε
782 2525 894 2559 P.S.s.
918 2526 979 2559 sed
1002 2525 1139 2559 lineolis
1157 2538 1176 2559 ιι
1199 2531 1233 2559 et
1256 2537 1262 2558 ι
1285 2537 1390 2571 super
1405 2525 1445 2569 δὴ
1462 2531 1497 2559 et
1516 2527 1582 2569 γὰρ
1602 2525 1695 2571 posi-

173 2578 219 2611 tis
249 2578 285 2611 in
320 2578 369 2617 S.‚
402 2579 444 2613 de
470 2579 597 2624 quibus
628 2577 722 2612 conf.
751 2579 795 2611 ad
826 2590 860 2623 p.
886 2575 972 2618 228,
1000 2589 1058 2612 11.
1108 2579 1150 2612 In
1182 2578 1274 2612 Y.O.
1307 2584 1360 2612 est
1393 2579 1433 2621 δὴ
1459 2579 1525 2624 γὰρ
1558 2578 1695 2622 δήποτε.

175 2636 193 2655 a
213 2631 269 2676 ἅν]
295 2631 352 2665 ε’άν
373 2632 412 2665 Ρ.
523 2628 542 2656 b
563 2630 702 2676 ὀφλὼν]
730 2631 954 2665 scribebatur
974 2630 1105 2676 ὅφλων.
1137 2631 1290 2676 ὀφείλων
1308 2632 1423 2666 A.k.r.
1531 2636 1544 2652 ⁶
1564 2631 1693 2676 ἐκτίνῃ]

175 2683 292 2726 ἐκτίσῃ
313 2684 566 2719 A.F.k.r.s.t.v.
697 2680 716 2708 (Ῑ
737 2683 863 2730 οὐκέτ’]
889 2684 949 2718 οὐκ
967 2689 1030 2719 t.v.
1158 2690 1173 2709 θ
1194 2683 1354 2730 ἐξούλης]
1378 2684 1522 2729 ἐξούλην
1541 2685 1696 2719 A.F.k.1·.

175 2737 319 2781 ἐξουλὴν
340 2737 375 2771 S.
487 2735 501 2761 f
518 2736 575 2782 ἂν]
600 2737 657 2770 ἐὰν
678 2736 766 2770 P.O.
892 2743 912 2770 g
931 2737 1026 2782 δέκα]
1052 2738 1104 2771 καὶ
1125 2738 1203 2772 δέκα
1224 2738 1298 2772 ΡΝ.
1421 2735 1439 2761 h
1461 2735 1519 2782 ἂν]
1544 2737 1601 2770 ε’ὰν
1620 2738 1695 2771 A.r.

176 2786 185 2813 i
206 2789 263 2835 δὴ]
285 2788 326 2823 ἂν
349 2790 462 2823 A.k.r.
483 2802 554 2824 om.
577 2790 679 2824 F.t.v.
781 2786 802 2813 k
823 2790 937 2833 ἰδιώτῃ
951 2790 980 2835 ;]
1007 2791 1226 2836 Sequebatur
1245 2791 1300 2824 διὰ
1320 2791 1373 2830 τί;
1405 2791 1500 2835 quod
1520 2802 1588 2823 om.
1613 2789 1695 2823 S.Y.

177 2848 212 2876 et
231 2855 283 2887 pr.
306 2842 394 2876 P.O.
554 2839 565 2866 Ῑ
586 2842 865 2888 ὅσα-πράττει]
891 2843 957 2877 ὅσα
976 2842 1213 2889 ἂν-πράττει
1233 2844 1274 2877 A.
1310 2842 1364 2876 ὅσ’
1383 2841 1609 2887 (ἲν-πράττη
1629 2843 1695 2875 k.1·.

178 2901 208 2919 m
229 2896 268 2929 οὐ
290 2896 327 2931 S.
359 2896 437 2940 οὐχὶ
456 2896 573 2941 vulgo.
685 2901 704 2919 Π
728 2895 788 2938 τὴν
807 2907 877 2930 om.
901 2896 935 2930 S.
1047 2901 1065 2921 ⁰
1084 2897 1123 2930 τὸ
1142 2894 1352 2942 γιγνόμενον·
1384 2895 1516 2940 ἐπειδὴ]
1539 2896 1696 2940 γιγνόμε-

177 2962 235 2982 νον
255 2949 328 2982 ἐπεὶ
346 2961 375 2983 r.
522 2955 541 2982 P
567 2947 699 2993 ἐπειδὴ]
731 2948 804 2981 ἐπεὶ
822 2949 865 2983 Α.
1020 2955 1039 2981 q
1065 2948 1241 2994 πράττειν]
1273 2951 1379 2982 ταῦτα
1403 2948 1564 2992 πράττειν
1583 2948 1695 2981 A.k.1·.

179 3006 194 3025 ¹'
209 3001 399 3046 ἐπέτρεψεν
419 3001 626 3036 P.S.Y,O.S.
645 3006 679 3034 et
697 3015 754 3046 γρ.
773 3001 812 3035 F.
842 3001 1042 3046 Legebatur
1061 3001 1233 3046 ἐπέταξεν.
