1954 3273
221 194 307 233 544
769 197 1193 235 ΔΗΜΟΣΘΕΝΟΎΣ
1343 195 1425 234 On.
1446 194 1583 234 XXI.
1608 183 1655 249 μ’
1665 193 1764 248 518,
1784 208 1862 232 ⁸—-

225 306 352 374 νόμῳ
386 305 533 356 ἕκατὰ
567 311 660 357 τῶν
695 310 800 373 περὶ
839 306 924 370 τὴν
959 306 1122 373 ἑορτὴν
1158 307 1441 357 ἀδικούντων
1476 308 1621 370 οὔσης
1656 310 1737 370 τῆς

223 388 514 455 11προβολῆς,
553 391 600 439 ἐν
641 391 791 457 τούτῳ
836 391 912 439 καὶ
956 389 1074 440 κατὰ
1114 395 1208 440 τῶν
1252 389 1359 443 τοὺς
1398 388 1738 455 ὶὺπερημέρους

223 472 602 537 εἰσπραττόντων
640 471 669 536 ἢ
709 475 783 522 καὶ
822 473 934 522 ἄλλ’
973 474 1127 523 ὁτιοῦν
1166 472 1289 526 τινὸς
1329 472 1672 535 λαμβανόντων
1708 472 1793 537 ἢιο

161 554 509 620 17βιαζομένων
547 555 796 619 ἐποιήσατε
834 555 918 608 τὰς
955 554 1216 622 προβολάς.
1271 558 1323 605 οὐ
1357 555 1450 621 γὰρ
1483 554 1648 609 ιςὅπως
1683 555 1738 606 τὸ

224 643 366 701 σῶμα
407 637 683 704 ὑβρίζεσθαί
719 661 842 691 τινος
883 640 931 688 ἐν
972 638 1160 692 ταύταις
1201 643 1299 692 ταῖς
1340 639 1540 704 ἡμέραις,
1582 638 1610 703 ἢ
1652 639 1739 703 τὴν

223 719 528 786 παρασκευὴν
552 718 609 783 ἢν
635 719 691 770 ἂν
717 723 766 771 ἐκ
797 725 891 771 τῶν
928 722 1054 771 ἰδίων
1083 719 1358 787 1πορίσαιτό
1392 744 1461 774 τις
1495 726 1557 774 εἷς
1588 728 1735 771 mm-

223 804 456 869 τουργίαν,
499 801 648 872 ᾤεσθε
693 807 875 870 χρῆναι,
920 803 1051 853 ἀλλὰ
1095 806 1170 854 καὶ
1214 803 1273 854 τὰ
1318 805 1420 872 δίκῃ
1465 806 1541 854 καὶ
1584 803 1790 873 ψήφῳ15

224 891 319 937 τῶν
351 885 556 936 ἑλόντων
590 885 843 951 γιγνόμενα
880 891 974 936 τῶν
1009 885 1284 937 ἑαλωκότων
1315 888 1419 937 11καὶ
1451 887 1740 950 κεκτημένων

225 970 282 1039 ἐξ
312 972 461 1036 ἀρχῆς
497 969 581 1034 τὴν
616 975 731 1035 γοῦν
766 969 929 1035 ἑορτὴν
964 970 1266 1021 Οοῖπεδώκατε
1306 968 1434 1021 εἶναι.
1494 971 1619 1034 ὑμεῖς
1656 969 1741 1033 μὲν

224 1054 392 1116 τοίνυν,
420 1052 457 1103 ὦ
488 1053 680 1120 Ρὸίνδρες
711 1055 967 1118 Ἀθηναῖοι,
993 1053 1163 1107 πάντες
1194 1057 1256 1107 εἷς
1282 1058 1541 1104 (Ῑτοσοῦτον
1567 1054 1739 1122 ἀφῖχθε

224 1139 614 1206 Γφιλανθρωπίας
660 1143 734 1188 καὶ
779 1138 1032 1199 εὐσεβείας,
1077 1135 1200 1187 ὥστε
1251 1139 1325 1187 καὶ
1376 1141 1470 1187 τῶν
1513 1136 1740 1203 πρότερον

223 1221 542 1287 γεγενημένων
586 1222 883 1286 ἀδικημάτων
923 1221 977 1271 τὸ
1020 1222 1281 1284 λαμβάνειν
1319 1222 1449 1286 δίκην
1486 1221 1739 1288 Ξέπέσχετε
1753 1252 1793 1273 20

162 1306 426 1359 18t7-av'ra9
463 1305 547 1359 τὰς
588 1306 772 1371 ἡμέρας·
823 1306 1022 1359 Μειδίας
1061 1309 1101 1356 δ’
1134 1307 1181 1355 ἐν
1215 1306 1373 1358 αὐταῖς
1413 1305 1600 1358 ταύταις
1640 1310 1741 1359 ταῖς

225 1389 413 1456 ἡμέραις
441 1388 553 1457 ἄξια
584 1395 666 1440 τοῦ
693 1393 850 1439 δοῦναι
877 1388 961 1452 τὴν
987 1388 1196 1455 ἐσχάτην
1222 1389 1352 1453 δίκην
1377 1393 1524 1439 ποιῶν
1550 1389 1736 1455 δειχθή-

226 1495 377 1523 σεται.
444 1473 679 1535 βούλομαι
719 1475 796 1522 “δ’
836 1473 1036 1522 ἕκαστον
1077 1473 1190 1522 κάπ’
1234 1475 1381 1538 ἀρχῆς
1424 1470 1489 1521 ὧν
1530 1472 1742 1522 πέπονθα

226 1555 469 1624 ἐπιδείξας,
510 1557 619 1605 Υκαὶ
658 1558 763 1621 περὶ
805 1559 900 1605 τῶν
942 1559 1144 1620 πληγῶν
1188 1560 1342 1617 εἰπεῖν,
1383 1554 1437 1608 ἃς
1480 1553 1534 1605 τὸ
1575 1562 1734 1606 τελευ-
1755 1579 1792 1610 25

227 1644 356 1690 ταῖον
376 1638 724 1706 Ζπροσενέτεινέ
743 1658 839 1703 μοι·
877 1638 925 1688 ἓν
951 1638 1043 1705 γὰρ
1071 1639 1201 1689 οὐδέν
1229 1641 1359 1689 ἐστιν
1384 1639 1456 1707 ἐφ’
1478 1637 1515 1707 ᾧ
1541 1643 1635 1689 τῶν
1660 1661 1740 1690 πε-

226 1722 511 1789 πραγμένων
538 1723 590 1772 οὐ
617 1723 789 1775 δίκαιος
815 1720 879 1772 ὢν
905 1723 1206 1773 ἀπολωλέναι
1233 1722 1512 1791 φανήσεται.

167 1821 215 1861 19
305 1806 496 1870 Ἐπειδὴ
530 1806 623 1872 γὰρ
660 1807 713 1856 οὐ
752 1805 1096 1870 καθεστηκότος
1133 1812 1340 1873 χορηγοῦ
1378 1810 1436 1872 τῇ
1474 1808 1744 1856 Πανδιονίδι

230 1894 412 1959 φυλῇὸ
420 1891 578 1956 τρίτον
616 1890 715 1943 ἐτος
750 1913 890 1952 τουτι,
923 1889 1169 1956 παρούσης
1204 1889 1252 1940 δὲ
1291 1893 1372 1952 τῆς
1408 1890 1659 1953 ἐκκλησίας
1694 1891 1743 1939 ἐν

228 1973 258 2042 ᾐ
290 1976 372 2025 τὸν
404 1974 610 2040 ἄρχοντα
643 1975 924 2040 ἐπικληροῦν
954 1975 978 2024 ὁ
1011 1972 1151 2037 νόμος
1181 1979 1276 2026 τοῖς
1301 1971 1485 2074 ι’χοροῖς
1516 1972 1622 2028 τοὺς·
1653 1974 1735 2023 αὐ·
1753 1990 1837 2033 519

230 2057 378 2122 λητάς
412 2057 600 2120 κελεύει,
627 2057 788 2122 λόγων
823 2081 897 2108 και
934 2059 1169 2124 λοιδορίας
1203 2080 1491 2122 γιγνομενης,
1520 2079 1594 2106 και
1625 2079 1740 2107 κατ-

228 2148 510 2207 ηγοροῦντος
537 2146 618 2191 τοῦ
651 2139 735 2203 μὲν
770 2141 996 2207 ἄρχοντος
1028 2145 1122 2191 τῶν
1147 2143 1440 2204 ἐπιμελητῶν
1465 2143 1547 2203 τῆς
1573 2143 1742 2207 φυλῆς,

229 2229 324 2275 τῶν
364 2226 401 2274 δ’
438 2227 729 2287 ἐπιμελητῶν
769 2230 851 2274 τοῦ
893 2223 1131 2290 ἄρχοντος,
1170 2222 1423 2289 παρελθὼν
1465 2225 1742 2290 ὑπεσχόμην

230 2308 322 2374 ἐγὼ
349 2307 634 2374 χορηγήσειν
660 2306 905 2370 ἐθελοντὴς
935 2309 1011 2357 καὶ
1041 2306 1367 2372 κληρουμένων
1392 2311 1575 2372 πρῶτος
1603 2312 1769 2374 αἱρεῖ-5

284 2459 305 2487 g
325 2454 406 2487 κατὰ
426 2457 493 2487 τῶν
511 2455 588 2499 περὶ
608 2454 686 2487 A.k.
717 2453 793 2498 περὶ
812 2456 878 2486 τῶν
898 2454 980 2487 κατὰ
1001 2453 1208 2487 F.P.S.Y.O
1226 2459 1319 2488 s.t.v.
1503 2451 1522 2478 h
1544 2454 1738 2501 προβολῆς]

231 2509 433 2552 προσβολῆς
452 2507 495 2541 Ο.
581 2505 590 2531 i
613 2506 856 2552 ὑπερημέρους]
882 2506 1124 2552 ὑπερημερίους
1144 2519 1170 2540 S.
1258 2505 1272 2528 k
1295 2507 1385 2543 ὅπως
1404 2509 1444 2542 τὸ
1466 2508 1500 2541 S.
1530 2507 1621 2542 ὅπως
1639 2508 1684 2550 μὴ
1703 2509 1743 2542 τὸ

231 2561 338 2606 vulgo
358 2567 393 2594 et
412 2572 480 2595 rec.
504 2561 538 2594 S.
653 2557 663 2584 Ῑ
683 2559 883 2605 πορίσαιτό]
906 2561 1089 2605 πορίσηται
1109 2566 1285 2594 correctus
1303 2573 1336 2595 V.
1462 2567 1491 2585 m
1511 2561 1740 2606 λειτουργίαν]

231 2614 292 2656 τὴν
310 2614 524 2659 λειτουργίαν
545 2613 698 2647 F.O.t.v.
821 2619 840 2637 ¹¹
861 2614 913 2646 καὶ
933 2626 1002 2647 0111.
1023 2626 1074 2659 pr.
1096 2615 1130 2647 k.
1241 2619 1258 2638 0
1278 2613 1486 2659 ἀπεδώκατε]
1510 2613 1742 2648 ἀποδεδώκατε

231 2667 344 2701 A.k.1·.
405 2675 422 2702 Ι)
442 2667 560 2711 ἄνδρες
579 2665 765 2710 Ἀθηναῖοι]
791 2666 946 2700 δικασταὶ
966 2667 1000 2700 k.
1071 2674 1090 2702 ‘1
1111 2666 1295 2712 τοσοῦτον]
1315 2669 1462 2701 τοσοῦτο
1479 2667 1522 2701 O.
1580 2672 1595 2691 Γ
1614 2668 1738 2712 φιλαν-

231 2720 395 2766 θρωπίας]
420 2719 677 2764 φιλανθρωπίας
696 2733 731 2751 τε
754 2719 891 2753 F.k.t.v.
986 2727 999 2743 ς
1020 2719 1202 2765 ἐπέσχετε]
1229 2719 1355 2765 ἐπέσχε
1376 2733 1427 2766 pr.
1450 2721 1488 2754 F.
1588 2722 1598 2742 ἲ
1618 2719 1741 2755 ταύτας

230 2774 289 2808 τὰς
310 2773 449 2819 ἡμέρας]
474 2772 610 2807 ταύταις
628 2774 700 2806 ταῖς
720 2771 855 2817 ἡμέραις
874 2773 986 2807 A.k.1·.
1085 2779 1104 2797 ¹¹
1125 2773 1154 2807 δ’
1175 2772 1334 2819 ἕκαστον]
1359 2774 1395 2807 δέ
1415 2772 1486 2807 καθ’
1506 2773 1648 2806 ἕκαστον
1666 2774 1738 2807 As.

230 2831 250 2850 Χ
270 2826 326 2860 ἀπ’
347 2826 452 2871 ἀρχῆς
472 2822 516 2860 ὧν
535 2825 702 2870 πέπονθα]
729 2821 773 2858 ὧν
792 2826 943 2859 πέπονθα
964 2826 1000 2870 ἐξ
1019 2825 1124 2871 ἀρχῆς
1143 2827 1254 2860 A.k.r.
1383 2833 1398 2856 -V
1418 2826 1487 2872 καὶ]
1511 2827 1561 2860 ἔτι
1579 2827 1632 2859 καὶ
1653 2826 1738 2860 F.Y.

231 2879 371 2913 O.s.t.v.
455 2885 471 2904 Ζ
493 2878 744 2924 προσενέτεινέ]
767 2880 962 2922 προσέτεινε
983 2892 1034 2925 pr.
1051 2892 1082 2913 v.
1158 2886 1176 2904 ss
1194 2879 1325 2925 τρίτον]
1348 2881 1508 2925 τέταρτον
1526 2894 1580 2925 γρ.
1598 2879 1635 2913 F.
1665 2879 1737 2924 τρί-

230 2946 290 2965 τον
309 2931 327 2976 ἣ
347 2932 507 2978 τέταρτον
527 2933 555 2966 Λ
573 2933 638 2966 k,r.
771 2928 790 2955 b
810 2932 943 2978 χοροῖς]
966 2934 1127 2978 χορηγοῖς
1146 2945 1316 2979 superscr.
1337 2945 1357 2968 a
1377 2946 1423 2967 111.
1445 2945 1512 2967 sec.
1533 2933 1569 2966 in
1590 2932 1624 2966 S.
1645 2933 1740 2978 quod

231 2985 266 3018 in
286 3000 340 3031 γρ.
364 2986 468 3020 habet
491 2986 528 3020 P.
