1954 3273
105 195 258 246 ——780‚
278 211 330 237 95.
629 203 767 241 ΚΑΤΑ
801 204 1268 242 ΑΡΙΣΤΟΓΕΙΤΟΝΟΣ
1302 208 1347 242 Α.
1651 205 1732 243 815

224 310 310 370 μέν
345 311 475 360 ἐστιν
509 312 632 379 αὐτῷ
669 317 735 381 τῷ
774 313 925 379 ἔχοντι
959 312 1116 375 κακὸν,
1149 315 1294 364 δεινὸν
1330 314 1377 364 δὲ
1412 318 1486 363 καὶ
1521 315 1731 380 χαλεπὸν
1748 324 1829 372 780

225 397 389 454 Ρπᾶσι,
428 393 598 444 Ἷπόλει
644 397 681 445 δ’
722 397 829 446 r0131<
868 397 1100 447 8οἰνεκτόν,
1168 398 1192 446 ὁ
1237 397 1328 462 γὰρ
1370 397 1731 460 ἀπονενοημένος

223 473 345 528 ἅπας
371 475 533 527 ἴαὺτὸν
562 477 646 540 μὲν
672 484 907 544 “προεῖται
934 481 1008 529 καὶ
1033 478 1118 542 τὴν
1143 481 1192 528 ἐκ
1217 485 1453 543 λογισμοῦ
1479 481 1727 544 σωτηρίαν,

222 559 272 607 ἐκ
311 558 358 608 δὲ
398 565 481 609 τοῦ
524 560 795 629 παραδόξου
839 564 915 612 καὶ
960 561 1284 626 Χπαραλόγου,
1324 561 1402 611 ἐὰν
1446 562 1536 627 ἄρα
1579 566 1758 628 σωθῇ,5

155 660 205 698 41
223 640 434 704 σώζεται.
489 644 557 696 τίς
582 641 667 693 Υᾶν
699 645 780 693 οὖν
811 645 860 694 εὖ
892 649 1080 712 φρονῶν
1105 643 1270 694 Ζαὺτὸν
1297 644 1353 694 ἂν
1378 643 1406 706 ἦ
1436 643 1494 694 τὰ
1519 648 1603 710 ἢτῇ
1629 667 1724 694 πα-

702 725 720 752 b

220 724 338 787 τρίδι
372 725 676 792 συμφέροντα
734 726 878 793 ταύτῃ
904 725 1132 794 συνάψειε
1153 749 1165 788 3
1209 728 1278 779 τίς
1303 728 1408 776 c0131<
1442 725 1498 776 ἂν
1525 731 1585 779 εἰς
1612 726 1728 776 ὅσον

219 805 416 856 δυνατὸν
447 805 652 874 ἀφεύγοι,
686 812 760 859 καὶ
796 808 879 859 τὸν
917 809 1084 876 ἔχοντα
1114 810 1314 873 Εταύτην
1348 808 1553 859 ἐκποδὼν
1586 810 1723 872 ποιή-

216 910 369 951 σαιτο,
407 889 482 938 ἵνα
519 887 533 915 f
543 894 650 954 μηδ’
688 891 813 941 ἄκων
847 893 997 957 ἕαύτῇ
1036 891 1147 942 ποτὲ
1184 891 1443 958 περιπε’σῃ;
1490 893 1572 941 οὐκ
1610 894 1726 941 ἀπο·

217 972 354 1033 νοίας,
390 970 426 1021 (ss
463 974 626 1038 ἄνδρες
663 975 915 1037 Ἀθηναῖοι,
951 973 1057 1027 τοὺς
1097 973 1210 1039 ὑπὲρ
1247 975 1468 1039 πατρίδος
1502 980 1779 1034 βουλευο-ιο

732 1055 752 1081 h

215 1055 379 1116 μένους
424 1058 494 1104 δεῖ
540 1054 687 1119 ζητεῖν
773 1058 864 1124 ὅτῳ
915 1056 1294 1118 κοινωνήσουσιν,
1341 1055 1471 1105 ἀλλὰ
1521 1062 1601 1106 νοῦ
1650 1059 1724 1106 καὶ

215 1142 400 1206 φρενῶν
437 1140 627 1202 ἀγαθῶν
672 1141 747 1188 καὶ
790 1140 1010 1205 προνοίας
1050 1143 1254 1202 πολλῆς.
1320 1145 1465 1189 ταῦτα
1509 1139 1594 1202 μὲν
1631 1139 1724 1204 γὰρ

215 1223 277 1272 εἰς
304 1220 595 1284 εὐδαιμονίαν
621 1222 725 1285 ἄγει
749 1221 929 1273 πάντας
955 1221 1240 1286 ἀνθρώπους,
1261 1220 1423 1284 Ῐέκείνη
1451 1221 1497 1270 δὲ
1524 1220 1567 1270 οῖ
1590 1220 1723 1271 1(τοῦ-

146 1322 200 1360 42
216 1324 296 1352 τον
328 1304 548 1352 ἀπελθεῖν
579 1306 659 1353 δεῖ.
718 1307 927 1368 θεωρεῖτε
962 1302 1010 1353 δὲ
1047 1302 1110 1366 μὴ
1144 1302 1260 1367 πρὸς
1298 1303 1381 1352 τὸν
1415 1303 1526 1365 ε’μὸν
1560 1303 1772 1367 λόγον,ῐ5

214 1386 323 1434 ἀλλ’
352 1388 414 1437 εἰς
439 1383 645 1435 1ἅπαντα
676 1384 736 1435 τὰ
761 1389 855 1434 τῶν
881 1384 1139 1450 ἀνθρώπων
1165 1388 1285 1448 1Πῦἔθη
1310 1385 1580 1445 βλέποντες.
1633 1390 1722 1436 εἰσὶ

211 1471 312 1520 ταῖς
344 1465 518 1516 πόλεσι
553 1466 730 1519 πάσαις
762 1469 916 1530 βωμοὶ
953 1469 1028 1516 καὶ
1063 1466 1150 1534 νεῲ
1180 1465 1370 1517 πάντων
1400 1472 1493 1516 τῶν
1519 1471 1649 1529 θεῶν,
1675 1470 1722 1518 ἐν

212 1548 261 1599 δὲ
294 1549 472 1603 τούτοις
506 1552 581 1600 καὶ
616 1550 848 1615 Προνοίας
880 1551 1085 1613 Ἀθηνᾶς
1119 1552 1181 1602 ὡς
1213 1553 1426 1613 Πάγαθῆς
1461 1551 1534 1599 καὶ
1570 1550 1718 1614 μεγά-

211 1640 299 1696 λης
338 1637 458 1695 θεοῦ,
498 1635 574 1683 καὶ
619 1632 748 1699 παρὰ
788 1637 854 1701 τῷ
897 1632 1174 1683 Ἀπόλλωνι
1218 1634 1266 1681 ἐν
1305 1636 1517 1698 Δελφοῖς
1554 1632 1722 1682 κάλλι-

210 1737 327 1767 στος
365 1717 439 1765 καὶ
482 1716 704 1781 μέγιστος
750 1715 860 1768 νεὼς·
899 1713 1031 1767 εὐθὺς
1070 1714 1259 1764 εἰσιόντι
1305 1718 1366 1766 εἷς
1404 1713 1457 1763 τὸ
1496 1714 1630 1779 ἱερὸν,
1670 1714 1718 1767 ὃς
1732 1738 1772 1759 20

213 1796 276 1848 ὧν
314 1797 417 1851 θεὸς
455 1801 530 1848 καὶ
563 1806 581 1824 ⁰
595 1798 757 1861 μάντις
796 1796 888 1847 οῖδε
926 1798 979 1847 τὸ
1014 1797 1291 1857 βε’λτιστον·’
1333 1798 1441 1846 ἀλλ’
1476 1797 1555 1846 οὐκ
1595 1799 1714 1847 ἀπο-

144 1899 197 1940 43
214 1881 339 1933 νοίας
370 1881 461 1930 οὐδ’
490 1881 729 1933 ἀναιδείας.
782 1882 855 1929 καὶ
882 1880 1009 1942 δίκης
1035 1902 1088 1943 γε
1121 1881 1196 1928 καὶ
1229 1879 1437 1940 εὐνομίας
1463 1881 1538 1928 καὶ
1564 1882 1718 1932 αἰδοῦς

211 1963 330 2011 Ρεὶσὶ
356 1966 505 2012 πᾶσιν
531 1963 788 2027 ἀνθρώποις
814 1963 980 2023 βωμοὶ,
1007 1965 1048 2010 οἱ
1082 1960 1165 2023 μὲν
1191 1959 1442 2010 κάλλιστοι
1475 1962 1547 2010 καὶ
1576 1962 1716 2024 ἁγιώ-

207 2065 336 2093 τατοι
363 2045 411 2093 ἐν
436 2045 552 2110 αὐτῇ
585 2048 642 2110 τῇ
672 2047 808 2111 ψυχῇ
842 2042 1043 2093 ἑκάστου
1077 2045 1151 2092 καὶ
1185 2047 1243 2108 τῇ
1281 2041 1435 2109 φύσει,
1464 2045 1505 2091 οἱ
1532 2042 1579 2091 δὲ
1605 2045 1713 2092 Ἷκαὶ

207 2130 336 2193 κοινῇ
372 2131 468 2179 τοῖς
504 2131 626 2177 πᾶσι
663 2131 802 2189 τιμᾶν
837 2125 1079 2191 ἱδρυμένοι·
1123 2126 1232 2174 ἀλλ’
1267 2126 1347 2174 οὐκ
1382 2125 1712 2190 ἀναισχυντίας
1726 2148 1762 2178 25

259 2308 278 2336 Ρ
297 2303 402 2349 πᾶσι]
427 2304 479 2337 καὶ
498 2304 584 2336 πᾶσι
606 2302 736 2338 S.Y.O.
849 2309 869 2335 q
887 2301 1004 2348 πόλει]
1029 2305 1069 2345 τῇ
1089 2305 1187 2336 πόλει
1206 2303 1287 2337 A.k.
1392 2309 1406 2327 Υ
1426 2302 1500 2347 οὐκ]
1524 2302 1592 2336 οὐδ’
1614 2304 1656 2337 Β.
1679 2308 1714 2336 et

203 2369 259 2400 γρ.
280 2355 323 2388 Y.
447 2361 461 2380 S
481 2354 635 2399 ἀνεκτόν]
659 2355 812 2388 ἀνεκτέον
832 2355 908 2389 ΒΝ.
1031 2353 1046 2379 ’ί
1063 2355 1182 2400 αὑτὸν]
1207 2356 1324 2388 ἑαυτὸν
1346 2356 1380 2388 S.
1504 2361 1524 2379 ¹¹
1543 2355 1711 2400 προεῖται]

203 2407 383 2453 προσίεται
403 2409 484 2442 A.k.
621 2413 641 2431 X
660 2407 875 2453 παραλόγου]
899 2409 959 2440 τοῦ
978 2408 1175 2452 παραλόγου
1195 2408 1354 2441 A.F.k.v.
1491 2413 1510 2439 Y
1529 2406 1569 2440 ἂν
1589 2419 1656 2441 om.
1681 2419 1710 2440 v.

205 2465 224 2483 Ζ
244 2459 346 2492 αὑτὸν
366 2459 403 2494 S.
435 2460 553 2493 ἑαυτὸν
571 2460 688 2504 vulgo.
799 2465 818 2484 a
836 2462 876 2501 τῇ
897 2459 1050 2504 πατρίδι]
1075 2461 1132 2502 τῆς
1150 2460 1312 2503 πατρίδος
1330 2472 1383 2504 pr.
1403 2460 1444 2492 A.
1567 2456 1586 2483 b
1606 2458 1710 2501 ταύτῃ

206 2511 389 2556 συνάψειε]
414 2510 524 2556 τούτῳ
543 2512 739 2556 ἐπιτρέψειε
758 2512 919 2545 A.F.k.v.
937 2516 972 2544 et
990 2525 1044 2555 γρ.
1064 2512 1099 2545 S.
1187 2517 1202 2536 ⁰
1223 2511 1298 2556 οὐκ]
1323 2511 1351 2545 δ’
1373 2510 1431 2544 οὔκ
1450 2511 1655 2545 A.F.O.k.v.
1676 2518 1711 2544 et

205 2575 226 2596 a
244 2575 291 2597 m.
313 2575 379 2597 sec.
403 2564 438 2597 S.
558 2560 577 2587 d
598 2562 737 2609 φεύγοι]
762 2562 868 2608 φύγοι
889 2563 1141 2597 A.F.Y.O.k.v.
1257 2571 1274 2590 θ
1295 2562 1433 2608 ταύτην]
1459 2563 1562 2605 αὐτὴν
1580 2563 1707 2596 A.Y.k.

206 2612 222 2639 f
236 2615 331 2660 μηδ’]
355 2614 429 2658 μηδ’
449 2613 488 2648 ἂν
507 2616 586 2648 A.k.
740 2620 757 2643 g
775 2615 875 2660 αὐτῇ]
900 2616 989 2660 αὐτῷ
1009 2616 1047 2648 F.
1068 2621 1102 2648 et
1121 2629 1176 2660 γρ.
1192 2616 1274 2649 Y.k.
1423 2614 1436 2634 ¹¹
1458 2614 1542 2660 ὅτῳ]
1567 2614 1657 2649 ὅπως
1675 2627 1707 2648 v·

205 2664 216 2691 i
236 2667 356 2711 ἐκείνη]
381 2667 486 2700 ἐκεῖνα
504 2681 560 2712 γρ.
585 2667 620 2700 S.
771 2664 792 2690 k
811 2666 948 2711 τοῦτον]
973 2666 1099 2700 τούτων
1117 2680 1148 2700 v.
1302 2665 1312 2693 l
1332 2666 1478 2711 ἅπαντα]
1503 2667 1610 2699 πάντα
1631 2667 1706 2700 ΓΝ.

205 2724 235 2743 m
255 2720 312 2762 ἕθη
331 2731 401 2752 om.
420 2719 463 2752 Ο.
539 2725 557 2742 ¹¹
577 2718 704 2763 ἀγαθῆς
717 2719 769 2751 καὶ
788 2719 954 2763 μεγάλης]
979 2720 1127 2763 μεγάλης
1142 2720 1194 2753 καὶ
1212 2719 1337 2764 ἀγαθῆς
1351 2719 1511 2752 A.F.k.v.
1587 2723 1605 2741 0
1624 2718 1705 2760 μάν-

203 2770 271 2816 τις]
301 2771 499 2816 Legebatur
517 2771 632 2814 μάντις
652 2769 721 2803 κατ’
740 2769 929 2814 ἀμφότερα.
970 2770 1040 2803 κατ’
1061 2770 1236 2815 ἀμφότερα
1256 2783 1326 2804 om.
1345 2771 1389 2804 O.
1411 2770 1447 2802 in
1466 2784 1522 2814 γρ.
1544 2769 1648 2802 habet
1670 2770 1705 2803 S.

201 2823 238 2855 in
258 2824 414 2868 margine
433 2823 476 2857 Y.
607 2828 627 2855 P
647 2822 715 2855 εἶσὶ
733 2822 856 2866 πᾶσιν]
878 2822 965 2855 εἰσὶν
982 2821 1110 2856 ἅπασιν
1129 2824 1287 2856 A.F.k.v.
1410 2827 1429 2853 q
1449 2822 1501 2854 καὶ
1521 2820 1628 2865 κοινῇ]
1654 2822 1706 2854 καὶ

277 2872 305 2901 οὶ

201 2909 306 2950 κοινῆι
324 2907 367 2940 Y.
407 2907 511 2940 κοινοὶ
530 2906 674 2950 (omisso
694 2907 760 2949 καὶ)
782 2907 822 2939 Α.
864 2906 916 2938 καὶ
936 2907 1040 2939 κοινοὶ
1059 2906 1223 2941 F.O.k.V.
1266 2906 1317 2939 καὶ
1341 2906 1429 2951 νόμῳ
1449 2905 1552 2938 κοινοὶ
1575 2905 1627 2938 καὶ
1649 2918 1703 2949 γρ.

201 2958 280 2992 F.S.

258 3031 354 3057 von.
378 3031 424 3056 11.
921 3032 946 3055 x
969 3032 994 3055 x
