1954 3273
257 143 341 186 732
801 149 1228 189 ΔΗΜΟΣΘΕΝΟΎΣ
1336 147 1420 188 OB.
1439 146 1618 188 XXIV.
1640 161 1682 202 p.
1701 155 1796 200 701,
1814 163 1892 187 2—-

257 253 372 322 ὑπέρ
395 258 524 321 ὑμῶν
542 259 597 309 Υό
614 258 836 312 κίνδυνος·
861 265 1116 310 Ζτοσοῦτον
1132 260 1293 327 ἀπέχω
1312 265 1395 311 τοῦ
1411 264 1579 321 λαβεῖν
1593 282 1637 310 τι
1655 261 1765 326 παρ’

215 352 241 393 5
258 341 398 404 ὑμῶν.
442 341 634 392 εἰώθασι
650 341 736 405 μὲν
753 343 833 393 οὖν
853 346 895 393 οἱ
913 345 1089 394 πολλοὶ
1107 347 1201 393 τῶν
1225 343 1446 409 πράττειν
1461 365 1505 393 τι
1519 365 1769 408 προαιρου-

254 423 406 486 μένων
431 429 525 475 τῶν
551 430 717 476 κοινῶν
742 425 898 491 λέγειν
924 427 986 480 ὡς
1020 427 1149 476 ταῦθ’
1178 427 1284 490 ὑμῖν
1308 425 1639 478 σπουδαιότατ’
1666 427 1798 481 {oris

254 511 330 557 καὶ
367 507 566 570 μάλιστ’
593 509 728 577 ἄξιον
764 509 1016 577 προσέχειν
1050 510 1278 569 ὃτούτοις,
1308 510 1422 577 ὑπὲρ
1457 508 1521 561 ὧν
1559 509 1643 561 ὗᾶν
1678 511 1764 561 αὐ-

251 593 323 641 τοὶ
365 590 639 658 τυγχάνωσι
680 591 946 654 ποιούμενοι
995 591 1101 646 τοὺς
1152 592 1340 660 λόγους.
1401 593 1494 659 ἐγὼ
1539 595 1593 656 δ’,
1639 593 1767 660 εἴπερ

253 676 365 724 ετινὶ
390 680 527 725 τοῦτο
553 677 628 726 καὶ
655 675 792 744 ἄλλῳ
825 675 1162 742 προσηκόντως
1197 677 1384 743 εἴρηται,
1411 677 1578 743 νομίζω
1605 676 1768 740 όκάμοὶ

215 763 336 808 6νῦν
374 758 620 824 ἁρμόττειν
657 763 813 811 εἰπεῖν.
856 764 951 811 τῶν
988 758 1080 826 γὰρ
1122 759 1270 811 ὅντων
1305 762 1498 825 ἀγαθῶν
1534 764 1593 828 τῇ
1629 759 1768 811 πόλει
1948 766 1954 815 Ι

254 845 329 893 καὶ
363 849 445 894 τοῦ
472 843 911 910 δημοκρατουμένην
945 846 1020 895 καὶ
1044 845 1291 910 ἐλευθέραν
1317 842 1431 895 εἶναι
1466 846 1528 897 ὡς
1563 844 1688 894 ἄλλο
1721 867 1765 895 τι
1782 869 1821 890 10
1948 818 1954 874 ξ

1431 926 1445 954 f

252 931 347 976 τῶν
382 926 537 990 νόμων
578 927 844 995 αἰτιώτερόν
882 929 1026 990 ἐστιν,
1067 929 1182 979 ‘³055'
1225 927 1282 978 ἂν
1317 928 1397 978 ἕνα
1453 931 1594 979 εἰπεῖν
1626 925 1765 991 οἶμαι.

251 1013 356 1076 περὶ
382 1011 537 1062 τοίνυν
563 1012 704 1062 αὑτοῦ
729 1011 896 1062 τούτου
929 1017 1010 1062 νῦν
1046 1014 1151 1075 ὑμῖν
1176 1025 1199 1060 g
1207 1013 1323 1074 ἐστὶ,
1348 1011 1547 1078 πότερον
1573 1014 1644 1062 δεῖ
1663 1011 1769 1066 τοὺς

599 1094 821 1158 11νόμους,
866 1096 944 1149 οὓς
985 1098 1060 1148 ἐπὶ
1101 1102 1197 1150 τοῖς
1237 1099 1450 1148 ἀδικοῦσι
1490 1096 1575 1161 τὴν
1622 1096 1767 1148 πόλιν

252 1093 338 1157 μὲν
379 1095 559 1148 ἄλλους

252 1177 405 1242 ίὑμεῖς
447 1179 763 1249 ἀνεγράψατε,
807 1180 1005 1247 ἀκύρους
1045 1179 1171 1243 εἶναι,
1217 1180 1387 1232 1(τόνδε
1430 1180 1478 1232 δὲ
1522 1180 1691 1247 κύριον,
1736 1180 1818 1246 ἢι5

252 1264 522 1315 τούναντίον
546 1269 713 1315 τοῦτον
743 1264 829 1328 μὲν
864 1271 1024 1328 λῦσαι,
1051 1264 1171 1316 κατὰ
1204 1265 1364 1332 χώραν
1393 1264 1441 1316 δὲ
1474 1265 1626 1329 μένειν
1659 1264 1766 1320 τοὺς

252 1347 432 1402 ἄλλους
470 1349 563 1399 ἐᾶν,
606 1348 659 1399 τὸ
696 1347 780 1413 μὲν
812 1350 892 1400 οὖν
925 1355 1136 1417 πρᾶγμα,
1162 1348 1282 1416 1περὶ
1308 1350 1362 1400 οὗ
1387 1353 1497 1400 Ιιὶδεῖ
1531 1355 1612 1400 νῦν
1651 1351 1769 1414 ὑμᾶς

252 1436 441 1496 γνῶναι,
470 1434 531 1485 ὡς
557 1433 605 1482 ἐν
631 1434 874 1502 κεφαλαίῳ
901 1456 970 1487 τις
997 1431 1055 1484 ἂν
1080 1432 1210 1495 εἴποι,
1237 1437 1362 1483 τοῦτ’
1389 1433 1533 1484 ἐστίν.

216 1533 238 1576 7
318 1513 423 1566 Ἵνα
450 1516 488 1566 δ’
518 1516 646 1579 ὑμῶν
676 1518 834 1580 μηδεὶς
872 1514 1083 1583 θαυμάζῃ
1120 1516 1169 1566 τί
1202 1516 1258 1579 δή
1296 1516 1399 1566 ποτ’
1428 1515 1521 1581 ἐγὼ
1555 1517 1764 1582 μετρίως,

252 1598 350 1653 Πῶς
387 1601 429 1665 γ’
464 1599 664 1664 ἐμαυτὸν
700 1601 858 1663 πείθω,
897 1599 980 1651 τὸν
1010 1600 1164 1650 ἄλλον
1200 1599 1372 1667 χρόνον
1408 1598 1649 1661 βεβιωκὼς
1683 1605 1765 1651 νῦν
1778 1622 1819 1644 20

250 1685 298 1734 ἐν
350 1686 507 1750 ἀγῶσι
558 1685 635 1734 καὶ
684 1688 891 1752 γραφαῖς
942 1684 1190 1748 δημοσίαις
1245 1682 1529 1752 ἐξετάζομαι,
1581 1683 1759 1744 βούλο-

249 1790 331 1831 μαι
371 1767 515 1834 μικρὰ
551 1766 669 1834 πρὸς
712 1769 829 1832 ὑμᾶς
869 1772 1027 1819 εἰπεῖν·
1070 1768 1204 1818 ε”σται
1245 1766 1294 1818 δὲ
1331 1768 1457 1818 ταῦτ’
1504 1768 1588 1818 οὐκ
1669 1791 1764 1819 απο

213 1857 333 1907 8τοῦ
371 1850 663 1918 πράγματος.
703 1851 794 1917 ἐγὼ
834 1850 941 1918 γὰρ,
987 1849 1024 1901 ⁶3
1076 1851 1236 1918 ἄνδρες
1280 1852 1536 1916 Ἀθηναῖοι,
1586 1851 1763 1917 προσέ-

251 1941 415 2002 κρουσ’
461 1936 694 2005 ἀνθρώπῳ
736 1940 927 2006 πονηρῷ
973 1938 1049 1987 καὶ
1100 1935 1483 2004 φιλαπεχθήμονι
1523 1938 1598 1986 καὶ
1645 1939 1765 1990 θεοῖς
1777 1959 1814 1991 25

251 2022 414 2089 ἐχθρῷ,
443 2019 479 2089 ᾧ
506 2025 777 2072 τελευτῶσα
799 2021 918 2086 Ι’ὅλη
947 2020 1300 2087 προσέκρουσεν
1326 2021 1353 2084 ἡ
1379 2019 1533 2084 πόλις,
1560 2023 1759 2086 Ἀνδρο-

250 2105 392 2154 τίωνα
417 2104 558 2169 λέγω.
604 2107 679 2154 καὶ
704 2104 918 2173 τοσούτῳ
953 2104 1185 2170 δεινότερα
1216 2103 1516 2167 Εὐκτήμονος
1542 2103 1765 2169 ἠδικήθην

252 2188 327 2238 ὑπ’
357 2188 510 2250 αὑτοῦ,
538 2187 655 2238 ὥσθ’
685 2189 708 2238 ὁ
742 2187 828 2252 μὲν
855 2187 1115 2252 Εὐκτήμων
1153 2191 1214 2241 εἷς
1252 2187 1454 2254 χρήματ’
1481 2188 1580 2238 ἔσθ’
1608 2187 1639 2238 ἃ
1674 2211 1758 2239 κα-

251 2274 343 2324 κῶς
381 2270 565 2334 ἔπαθεν,
610 2269 702 2335 ἐγὼ
741 2272 795 2334 δ’,
836 2274 872 2322 εἷ
915 2271 1228 2337 κατώρθωσεν
1273 2272 1438 2324 ἐκεῖνος
1476 2271 1535 2335 ἢν
1577 2273 1648 2323 ἐπ’
1695 2272 1761 2336 ἔμ’

305 2469 323 2496 y
352 2462 387 2509 ὁ]
420 2461 494 2496 ἔσθ’
514 2464 531 2495 ὁ
559 2462 672 2496 F.k.V.
831 2467 848 2487 Ζ
876 2461 1059 2508 τοσοῦτον]
1090 2461 1227 2496 τοσόυτ’
1257 2461 1335 2506 (sic)
1367 2462 1403 2496 S.
1448 2464 1586 2496 τοσοῦτ’
1607 2461 1764 2497 Y.O.r.v.

251 2520 270 2541 ²³·
289 2514 437 2562 τούτοις]
459 2513 592 2550 τούτοις
611 2515 671 2548 τὸν
689 2516 768 2548 νοῦν
788 2515 861 2549 F.v.
1008 2513 1028 2541 b
1056 2514 1097 2549 ἂν
1117 2527 1186 2550 om.
1209 2515 1320 2550 O.1·.V.
1342 2516 1403 2549 sed
1423 2527 1454 2549 v.
1477 2515 1512 2549 in
1542 2516 1698 2561 margine
1724 2515 1766 2549 ἅν

251 2584 349 2604 τινες.
476 2574 492 2594 c
512 2570 575 2602 τινὶ
594 2574 675 2614 post
694 2570 795 2602 τοῦτο
815 2569 931 2604 A.k.r.
953 2574 1034 2615 post
1053 2568 1149 2616 ἶίλλῳ
1169 2582 1197 2603 s.
1327 2566 1342 2589 ‘¹
1362 2568 1459 2612 κάμοὶ
1479 2574 1560 2603 ante
1581 2569 1702 2613 νομίζω
1721 2569 1763 2602 Α.

250 2624 316 2657 k.S.
338 2626 418 2668 post
439 2624 497 2656 νῦν
515 2634 547 2656 v.
657 2627 673 2646 e
694 2621 764 2654 οὐδ’
784 2619 824 2655 ἂν
845 2622 916 2667 ἕνα]
941 2621 1048 2656 οὐδέν’
1068 2620 1108 2656 ἂν
1129 2622 1324 2656 A.O.k.r.s.
1359 2622 1457 2655 οὐδὲν
1476 2619 1516 2655 ἂν
1536 2622 1577 2655 Y.
1687 2619 1702 2646 f
1718 2622 1764 2655 εἷ-

250 2677 324 2710 πεῖν
345 2672 453 2721 οἶμαι]
478 2675 583 2709 εἷπεῖν
602 2675 692 2718 ἔχειν
711 2673 822 2718 οἴομαι
842 2690 896 2720 γρ.
921 2675 955 2710 S.
1058 2681 1079 2709 g
1099 2675 1192 2721 ἐστὶ]
1219 2675 1294 2709 ἐστὶ
1313 2676 1478 2708 σκεπτέον
1498 2675 1572 2709 F.v.
1666 2672 1685 2699 h
1706 2675 1762 2708 νό-

250 2744 333 2772 μους
353 2740 422 2763 om.
446 2728 489 2763 Ο.
600 2724 609 2752 i
630 2727 722 2770 ὑμεῖς
742 2740 812 2762 om.
835 2729 950 2763 A.k.s.
1071 2725 1091 2753 k
1112 2728 1226 2774 τόνδε]
1251 2730 1310 2762 τὸν
1330 2728 1441 2762 A.k.s.
1562 2725 1572 2752 Ῑ
1592 2727 1686 2773 περὶ]
1711 2728 1764 2761 καὶ

250 2783 327 2827 περὶ
346 2795 377 2816 v.
488 2787 519 2806 m
538 2781 590 2815 δεῖ
608 2779 681 2825 νῦν]
706 2783 762 2814 νῦν
781 2781 832 2813 δεῖ
851 2781 942 2815 Υ.Ο.
1068 2787 1086 2806 n
1107 2781 1151 2817 ὥς
1169 2780 1218 2827 γ’]
1242 2781 1278 2816 ὅς
1297 2779 1328 2826 γ’
1348 2793 1380 2815 V.
1500 2785 1516 2801 0
1535 2780 1601 2815 ἄπο
1621 2781 1760 2816 A.B.Y.

252 2835 361 2870 O.s.v.
391 2840 427 2869 et
455 2839 648 2869 com-ectus
678 2834 713 2868 S.
764 2834 987 2869 Scribebatur
1011 2834 1090 2870 (ὶπό.
1139 2834 1243 2870 Conf.
1265 2835 1439 2880 Ilm-poor.
1465 2846 1492 2869 s.
1516 2846 1548 2868 v.
1582 2833 1677 2868 ''An-o
1702 2835 1763 2868 τοῦ

249 2890 458 2934 πράγματος.
571 2896 590 2925 Ι)
610 2886 672 2931 ὅλη
692 2891 772 2933 post
791 2889 892 2923 πόλις
911 2900 943 2922 v.
