1954 3273
45 172 201 223 ——760,
223 185 273 209 12.
635 170 777 208 KATA
807 170 859 206 TI
867 169 1210 206 ΜΟΚΡΑΤΟΎΣ.
1597 168 1680 211 793

165 283 316 333 τουσί.
381 281 528 331 καίτοι
591 282 666 330 καὶ
715 280 835 330 τοῦτ’
890 280 972 329 οὐκ
1034 276 1357 344 Χἀπορήσαιμ’
1413 277 1470 328 ἂν
1520 279 1680 346 δεῖξαι,

166 365 344 417 ’πάντα
382 370 597 428 Ζμᾶλλον
635 363 663 428 ἢ
698 362 816 414 κατὰ
861 361 968 415 τοὺς
1013 361 1179 424 νόμους
1225 361 1560 425 πεποιημένους
1596 361 1681 425 τὴν

166 449 342 499 ἔκτισιν
368 449 591 500 ἢέκείνους
629 447 714 510 τὴν
747 450 841 496 τῶν
867 444 1135 512 χρημάτων·
1178 444 1309 494 ἀλλὰ
1344 442 1408 508 μὴ
1434 445 1540 509 περὶ
1565 444 1676 495 τού-

166 554 260 581 των
287 533 415 594 ὑμῶν
441 530 669 581 οἰσόντων
693 528 779 592 τὴν
805 532 988 597 ψῆφον,
1012 529 1061 579 τί
1082 531 1154 579 δεῖ
1173 533 1320 579 ταῦτα
1345 527 1548 593 λέγοντα
1573 530 1672 578 ἐνο-
1693 546 1733 567 20

167 618 299 680 χλεῖν
324 636 381 677 με
409 614 511 664 νυνί
525 635 536 673 ;

75 713 153 752 217
243 696 390 759 Οἶμαι
417 699 570 748 τοίνυν
596 696 736 747 αὑτὸν
762 697 855 747 οὐδ’
884 697 1066 746 ἐκείνων
1092 695 1354 764 ἀφέξεσθαι
1387 698 1480 744 τῶν
1507 693 1679 759 λόγων,

165 783 228 834 ὡς
267 780 393 831 δεινὰ
434 780 490 831 ἂν
521 780 677 843 πάθοι,
716 784 753 830 εἰ
788 778 982 847 γράψας
1022 779 1147 832 ὅπως
1186 777 1482 841 ι’Ἄθηναίων
1522 780 1680 840 μηδεὶς

165 864 412 928 δεθήσεται
437 864 576 918 αὐτὸς
602 865 843 915 οπείσεταί
864 863 934 914 ότι
969 862 1125 924 κακὸν,
1153 864 1227 912 καὶ
1255 861 1324 912 ὅτι
1363 860 1469 914 τοὺς
1509 860 1679 922 νόμους

164 951 253 1002 θὼς
290 948 602 1014 Ῑπραοτάτους
637 950 712 998 καὶ
751 946 1092 1013 μετριωτάτους
1126 944 1239 996 εἶναι
1276 944 1390 1010 ὑπὲρ
1431 949 1525 994 τῶν
1562 946 1676 994 ἀδυ-

165 1031 317 1082 νάτων
354 1031 548 1095 μάλιστ’
592 1033 737 1082 ἐστίν.
793 1030 911 1097 πρὸς
954 1029 1047 1093 ἱζδὴ
1082 1028 1188 1082 τοὺς
1231 1029 1467 1080 τοιούτους
1507 1027 1679 1091 λόγους
1693 1054 1731 1084 25

164 1115 355 1176 βέλτιον
382 1114 752 1181 11προακηκοέναι
785 1113 926 1181 μικρὰ
963 1113 1142 1166 πάντας
1182 1114 1313 1175 ὑμᾶς,
1340 1112 1394 1162 ἵν’
1422 1111 1562 1175 ἧττον
1596 1109 1675 1178 ἐξ·

72 1201 426 1254 2ι8απατᾶσθε.
492 1197 608 1247 ὅταν
657 1195 743 1259 μὲν
792 1197 886 1262 γὰρ
938 1197 1071 1263 λέγῃ,
1112 1195 1265 1248 ἱὅπως
1310 1195 1469 1258 μηδεὶς
1511 1192 1530 1220 k
1548 1192 1681 1257 δεθή-

164 1304 298 1331 σεται
324 1282 602 1344 Ἀθηναίων,
629 1280 694 1344 μὴ
720 1279 991 1330 λανθανέτω
1018 1278 1307 1347 ψευδόμενος
1335 1280 1466 1340 ὑμᾶς.
1510 1278 1563 1327 οὐ
1588 1276 1681 1342 γὰρ

163 1363 321 1414 1τοῦτο
359 1363 571 1425 τέθεικεν,
607 1366 720 1414 ἀλλ’
749 1363 874 1416 ὅπως
915 1364 1040 1425 ὑμεῖς
1080 1362 1242 1427 ἄκυροι
1280 1365 1374 1411 τῶν
1407 1380 1675 1426 προστιμη«
1694 1371 1777 1424 760

165 1448 326 1511 μάτων
363 1448 587 1498 mgb-6006·
631 1450 706 1498 καὶ
744 1447 830 1512 τὴν
866 1447 966 1510 μεθ’
995 1446 1135 1513 ὅρκου
1171 1449 1246 1497 καὶ
1282 1445 1430 1511 λόγου
1463 1447 1538 1495 καὶ
1577 1445 1676 1510 κρί-

164 1553 286 1585 σεως
320 1534 491 1600 ψῆφον
534 1532 839 1596 ἐνηνεγμένην
876 1529 1127 1580 “ἀνάδικον
1161 1530 1463 1593 καθίστησιν.
1525 1526 1588 1591 μὴ
1623 1525 1680 1591 δὴ

163 1615 292 1665 ταῦθ’
322 1616 428 1678 ὑμῖν
454 1620 547 1665 τῶν
583 1617 632 1665 ἐκ
670 1620 752 1665 τοῦ
790 1613 933 1677 νόμου
966 1612 1188 1679 ῥημάτων
1213 1611 1406 1680 ἐκλέξας
1432 1611 1623 1676 λεγέτω,
1651 1609 1682 1660 ἃ

165 1696 577 1764 φιλανθρωπότατ’
606 1699 738 1748 ἐστὶν
776 1699 992 1747 ἀκοῦσαι·
1036 1696 1146 1746 ἀλλ’
1188 1695 1302 1746 ὅλον
1341 1694 1559 1745 δεικνύτω
1597 1692 1708 1747 rbus

166 1780 308 1844 νόμον
334 1781 483 1849 οὲξῆς,
510 1783 584 1831 καὶ
617 1780 676 1830 τὰ
710 1780 1015 1843 συμβαίνοντ’
1044 1779 1102 1847 ἐξ
1132 1780 1273 1829 αὐτοῦ
1312 1782 1508 1829 σκοπεῖν
1545 1776 1677 1828 ἐάτω.

165 1863 419 1930 Ρεὺρήσετε
457 1863 550 1931 γὰρ
593 1873 610 1901 q
630 1865 755 1914 ταῦτ’
796 1863 941 1914 ‘gum
982 1862 1012 1913 ἂ
1062 1862 1152 1929 ἐγὼ
1196 1862 1336 1927 λέγω,
1376 1864 1451 1913 καὶ
1490 1862 1609 1928 Ξοῦχ
1649 1860 1680 1911 ἅ

74 1968 154 2008 219
169 1952 318 2015 φησιν
356 1947 504 2002 οὗτος.
548 1946 679 1997 ἀλλὰ
717 1947 810 2011 μὴν
843 1945 960 2013 πρός
993 1970 1046 2012 γε
1078 1945 1131 1997 τὸ
1172 1951 1268 1999 τοῖς
1305 1950 1507 1998 πολλοῖς
1546 1967 1674 2008 συμ-

167 2030 325 2098 φέρειν
362 2031 468 2085 τοὺς
507 2031 674 2094 νόμους
711 2029 888 2096 πράους
923 2033 997 2080 καὶ
1038 2031 1250 2095 μετρίους
1289 2027 1402 2078 εἶναι
1440 2027 1550 2078 τάδε
1587 2026 1677 2093 χρὴ
1695 2055 1733 2076 10

165 2119 374 2165 σκοπεῖν.
415 2114 559 2177 ἔστιν,
575 2113 611 2164 ὦ
628 2114 1061 2180 ἄνδρεςἈθηναῖοι,
1086 2113 1168 2163 δύο
1188 2113 1297 2176 ε’ίδη,
1324 2114 1449 2177 ἲπερὶ
1476 2109 1540 2161 ὧν
1560 2112 1679 2161 εἰσὶν

166 2202 208 2249 οἱ
244 2197 374 2262 νόμοι
414 2198 568 2249 ιικατὰ
605 2197 766 2252 πάσας
804 2197 887 2252 τὰς
920 2197 1094 2251 πόλεις·
1152 2195 1217 2247 ὧν
1253 2196 1306 2247 τὸ
1346 2195 1430 2259 μέν
1465 2197 1581 2257 ε’στι,
1622 2196 1676 2245 δι’

1503 2308 1609 2338 ἄλλως

221 2364 240 2383 X
261 2358 484 2405 ἀπορήσαιμ’]
508 2358 740 2403 ἀπορήσαιμεν
757 2358 872 2391 F.S.v.
943 2363 960 2390 Y
976 2357 1084 2390 πάντα
1098 2368 1166 2390 om.
1179 2357 1214 2389 k.
1283 2360 1299 2379 Ζ
1320 2345 1469 2399 μᾶλλον]
1494 2355 1627 2396 μᾶλλον
1643 2354 1677 2386 k.

169 2417 188 2436 a
207 2410 368 2457 ἐκείνους]
392 2412 514 2446 αὐτοὺς
534 2412 607 2445 F-V.
691 2407 710 2435 b
729 2408 913 2453 Ἀθηναίων
932 2409 1063 2453 μηδεὶς]
1085 2409 1199 2451 μηδεὶς
1217 2407 1382 2451 ἀθηναίων
1403 2407 1479 2442 F.v.
1570 2412 1586 2431 0
1606 2406 1677 2439 πεί-

168 2464 282 2510 σεταί]
306 2464 451 2508 πήσεται
470 2465 513 2498 Y.
653 2460 672 2487 d
691 2477 722 2497 τι
742 2463 858 2508 κακὸν]
883 2463 922 2496 τὸ
943 2463 1041 2495 κακὸν
1060 2462 1150 2495 Y.O.
1181 2476 1213 2494 τι
1232 2462 1271 2494 τὸ
1292 2461 1391 2494 κακὸν
1410 2472 1439 2494 r.
1576 2464 1593 2483 e
1612 2458 1672 2503 ὡς]

168 2517 225 2552 οὓς
243 2530 275 2550 V.
430 2514 446 2541 f
466 2517 677 2561 πραοτάτους
704 2516 755 2549 καὶ
775 2515 1038 2560 μετριωτάτους]
1068 2515 1315 2560 μετριωτάτους
1341 2514 1394 2546 καὶ
1415 2512 1625 2557 πραοτάτους
1645 2523 1673 2545 r.

168 2577 190 2605 g
209 2569 267 2615 δὴ]
292 2570 329 2603 δέ
348 2569 666 2603 A.F.Y.O.k.1·.s.v.
773 2566 793 2592 h
812 2567 1068 2612 προακηκοέναι]
1093 2567 1263 2611 ἀκηκοέναι
1286 2567 1320 2600 S.
1418 2562 1428 2588 i
1448 2564 1537 2599 ὅπως
1557 2576 1626 2597 om.
1648 2576 1674 2596 s.

168 2619 188 2646 k
226 2622 405 2666 δεθήσεται
440 2621 640 2666 Ἀθηναίων]
676 2621 873 2664 δεηθήσεται
907 2619 1071 2663 ἀθηναίων
1102 2620 1147 2655 Ο.
1195 2619 1359 2662 ἀθηναίων
1389 2616 1568 2659 δεθήσεται
1600 2616 1674 2650 ΡΝ.

169 2673 175 2695 ¹
203 2678 306 2709 τοῦτο
325 2675 486 2720 τέθεικεν]
511 2673 603 2708 τοῦτ’
623 2674 738 2717 ἔθηκεν
757 2673 998 2708 A.Y.O.k.r.S.
1154 2679 1185 2697 m
1213 2672 1355 2716 ἔσεσθε]
1389 2669 1576 2715 γενήσεσθε
1598 2669 1673 2703 F.v.

168 2732 186 2748 ¹¹
205 2728 377 2774 ἀνάδικον]
401 2726 441 2761 ἂν
459 2728 573 2761 ἄδικον
592 2727 734 2761 Y.k.r.s.
765 2726 878 2760 ἶίδικον
898 2726 973 2761 FN.
1067 2731 1085 2750 0
1106 2725 1198 2771 ἑξῆς]
1222 2726 1280 2759 τὸν
1299 2725 1375 2768 ἑξῆς
1394 2722 1487 2756 Y.O.
1580 2727 1599 2754 Ρ
1620 2721 1673 2754 εὑ-

168 2780 310 2826 ρήσετε]
333 2780 511 2826 εὑρήσεται
531 2780 575 2814 O.
685 2785 705 2812 q
725 2777 835 2824 ταῦτ’]
858 2779 962 2812 ταυτὰ
982 2779 1054 2812 A.s.
1163 2784 1178 2802 Υ
1198 2777 1277 2811 ὅντα
1296 2789 1364 2811 om.
1389 2776 1423 2809 S.
1524 2781 1536 2799 ³
1557 2774 1676 2817 οὔχ-

169 2835 314 2868 πολλοῖς
334 2845 405 2868 om.
427 2845 454 2866 s.
613 2831 627 2857 t
645 2831 890 2877 περὶ-νόμοι]
913 2846 970 2877 γρ.
989 2845 1066 2876 περι
1085 2845 1130 2865 ων
1149 2845 1180 2864 οι
1200 2844 1296 2874 νομοι
1316 2842 1438 2863 κεινται
1457 2838 1578 2871 margo
1600 2826 1634 2859 S.
1655 2838 1676 2859 a

169 2899 215 2920 m.
243 2886 397 2931 antiqua,
424 2886 485 2920 sed
512 2897 584 2919 non
613 2896 654 2919 ea
681 2897 760 2930 quae
785 2884 896 2918 varias
925 2884 1093 2918 lectiones
1120 2885 1303 2929 plerasque
1333 2893 1455 2915 omnes
1479 2878 1673 2924 adscripsit.

169 2944 191 2963 ¹¹
210 2940 293 2973 κατὰ
313 2939 443 2985 πάσας]
469 2937 540 2972 καθ’
560 2938 694 2972 ἁπάσας
714 2937 831 2972 F.S.V.

875 3009 979 3038 882
