<?xml version="1.0" encoding="UTF-8"?>
<!DOCTYPE html PUBLIC "-//W3C//DTD XHTML 1.0 Transitional//EN"
    "http://www.w3.org/TR/xhtml1/DTD/xhtml1-transitional.dtd">
<html xmlns="http://www.w3.org/1999/xhtml" xml:lang="en" lang="en">
 <head>
  <title>
</title>
<meta http-equiv="Content-Type" content="text/html;charset=utf-8" />
  <meta name='ocr-system' content='tesseract 3.04.00' />
  <meta name='ocr-capabilities' content='ocr_page ocr_carea ocr_par ocr_line ocrx_word'/>
</head>
<body>
  <div class='ocr_page' id='page_1' title='image "./operaexrecension02demouoft_0117.png"; bbox 0 0 1954 3273; ppageno 0'>
   <div class='ocr_carea' id='block_1_1' title="bbox 0 135 1634 192">
    <p class='ocr_par' dir='ltr' id='par_1_1' title="bbox 0 135 1634 192">
     <span class='ocr_line' id='line_1_1' title="bbox 0 135 1634 192; baseline 0.005 -22"><span class='ocrx_word' id='word_1_1' title='bbox 0 137 215 192; x_wconf 75' lang='lat'>..561,12.</span> <span class='ocrx_word' id='word_1_2' title='bbox 661 139 801 176; x_wconf 81' lang='grc' dir='ltr'>ΚΑΤΑ</span> <span class='ocrx_word' id='word_1_3' title='bbox 836 137 1086 176; x_wconf 72' lang='grc' dir='ltr'>ΜΕΙΔΙΟὙ.</span> <span class='ocrx_word' id='word_1_4' title='bbox 1549 135 1634 178; x_wconf 84' lang='lat'>589</span> 
     </span>
    </p>
   </div>
   <div class='ocr_carea' id='block_1_2' title="bbox 1608 245 1626 264">
    <p class='ocr_par' dir='ltr' id='par_1_2' title="bbox 1608 245 1626 264">
     <span class='ocr_line' id='line_1_2' title="bbox 1608 245 1626 264; baseline 0 -2"><span class='ocrx_word' id='word_1_5' title='bbox 1608 245 1626 264; x_wconf 57' lang='lat' dir='ltr'>‚N</span> 
     </span>
    </p>
   </div>
   <div class='ocr_carea' id='block_1_3' title="bbox 115 245 1684 399">
    <p class='ocr_par' dir='ltr' id='par_1_3' title="bbox 115 245 1684 399">
     <span class='ocr_line' id='line_1_3' title="bbox 115 245 1632 311; baseline -0.002 -11"><span class='ocrx_word' id='word_1_6' title='bbox 115 250 252 311; x_wconf 84' lang='grc' dir='ltr'>ὑμεῖς,</span> <span class='ocrx_word' id='word_1_7' title='bbox 287 248 375 309; x_wconf 78' lang='grc' dir='ltr'>ἵνα,</span> <span class='ocrx_word' id='word_1_8' title='bbox 417 246 480 299; x_wconf 76' lang='grc' dir='ltr'>ὧν</span> <span class='ocrx_word' id='word_1_9' title='bbox 521 250 621 299; x_wconf 87' lang='grc' dir='ltr'>καθ’</span> <span class='ocrx_word' id='word_1_10' title='bbox 663 248 743 299; x_wconf 83' lang='grc' dir='ltr'>ἕνα</span> <span class='ocrx_word' id='word_1_11' title='bbox 776 250 906 298; x_wconf 76' lang='grc' dir='ltr'>ἐστὶν</span> <span class='ocrx_word' id='word_1_12' title='bbox 948 248 1146 300; x_wconf 80' lang='grc' dir='ltr'>ἕκαστος</span> <span class='ocrx_word' id='word_1_13' title='bbox 1185 248 1314 310; x_wconf 82' lang='grc' dir='ltr'>ὑμῶν</span> <span class='ocrx_word' id='word_1_14' title='bbox 1350 245 1561 297; x_wconf 85' lang='grc' dir='ltr'>ἐλάττων</span> <span class='ocrx_word' id='word_1_15' title='bbox 1603 270 1632 311; x_wconf 91' lang='grc' dir='ltr'>η</span> 
     </span>
     <span class='ocr_line' id='line_1_4' title="bbox 116 328 1684 399; baseline 0.002 -19"><span class='ocrx_word' id='word_1_16' title='bbox 116 331 274 399; x_wconf 90' lang='grc' dir='ltr'>φίλοις</span> <span class='ocrx_word' id='word_1_17' title='bbox 311 329 340 394; x_wconf 89' lang='grc' dir='ltr'>ὴ</span> <span class='ocrx_word' id='word_1_18' title='bbox 375 335 470 384; x_wconf 86' lang='grc' dir='ltr'>τοῖς</span> <span class='ocrx_word' id='word_1_19' title='bbox 505 331 640 381; x_wconf 78' lang='grc' dir='ltr'>οὖσιν</span> <span class='ocrx_word' id='word_1_20' title='bbox 671 329 699 394; x_wconf 78' lang='grc' dir='ltr'>ἢ</span> <span class='ocrx_word' id='word_1_21' title='bbox 734 334 828 380; x_wconf 82' lang='grc' dir='ltr'>τῶν</span> <span class='ocrx_word' id='word_1_22' title='bbox 863 328 1029 380; x_wconf 80' lang='grc' dir='ltr'>ἄλλων</span> <span class='ocrx_word' id='word_1_23' title='bbox 1059 332 1162 393; x_wconf 78' lang='grc' dir='ltr'>τινὶ,</span> <span class='ocrx_word' id='word_1_24' title='bbox 1200 329 1380 381; x_wconf 84' lang='grc' dir='ltr'>τούτων</span> <span class='ocrx_word' id='word_1_25' title='bbox 1416 328 1684 383; x_wconf 65' lang='grc' dir='ltr'>1(συλλε-ῐε»</span> 
     </span>
    </p>
   </div>
   <div class='ocr_carea' id='block_1_4' title="bbox 811 412 1633 479">
    <p class='ocr_par' dir='ltr' id='par_1_4' title="bbox 811 412 1633 479">
     <span class='ocr_line' id='line_1_5' title="bbox 811 412 1633 479; baseline 0.001 -16"><span class='ocrx_word' id='word_1_26' title='bbox 811 412 877 464; x_wconf 83' lang='grc' dir='ltr'>1τε</span> <span class='ocrx_word' id='word_1_27' title='bbox 914 414 1185 479; x_wconf 68' lang='grc' dir='ltr'>ΠΙγίγνησθε</span> <span class='ocrx_word' id='word_1_28' title='bbox 1221 415 1296 464; x_wconf 83' lang='grc' dir='ltr'>καὶ</span> <span class='ocrx_word' id='word_1_29' title='bbox 1330 413 1509 478; x_wconf 83' lang='grc' dir='ltr'>παύητε</span> <span class='ocrx_word' id='word_1_30' title='bbox 1547 413 1633 478; x_wconf 89' lang='grc' dir='ltr'>τὴν</span> 
     </span>
    </p>
   </div>
   <div class='ocr_carea' id='block_1_5' title="bbox 19 413 1716 2415">
    <p class='ocr_par' dir='ltr' id='par_1_5' title="bbox 115 413 773 564">
     <span class='ocr_line' id='line_1_6' title="bbox 115 413 773 482; baseline 0.003 -18"><span class='ocrx_word' id='word_1_31' title='bbox 115 414 269 481; x_wconf 73' lang='grc' dir='ltr'>γε’ντες</span> <span class='ocrx_word' id='word_1_32' title='bbox 305 413 505 466; x_wconf 82' lang='grc' dir='ltr'>ἑκάστου</span> <span class='ocrx_word' id='word_1_33' title='bbox 540 415 773 482; x_wconf 82' lang='grc' dir='ltr'>κρείττους</span> 
     </span>
     <span class='ocr_line' id='line_1_7' title="bbox 118 500 268 564; baseline -0.007 -15"><span class='ocrx_word' id='word_1_34' title='bbox 118 500 268 564; x_wconf 81' lang='grc' dir='ltr'>ὕβριν.</span> 
     </span>
    </p>

    <p class='ocr_par' dir='ltr' id='par_1_6' title="bbox 25 585 1684 1075">
     <span class='ocr_line' id='line_1_8' title="bbox 25 585 1633 656; baseline 0.001 -17"><span class='ocrx_word' id='word_1_35' title='bbox 25 598 99 640; x_wconf 87' lang='lat'>181</span> <span class='ocrx_word' id='word_1_36' title='bbox 189 587 328 655; x_wconf 83' lang='grc' dir='ltr'>Τάχα</span> <span class='ocrx_word' id='word_1_37' title='bbox 354 588 536 638; x_wconf 79' lang='grc' dir='ltr'>“τοίνυν</span> <span class='ocrx_word' id='word_1_38' title='bbox 561 590 636 638; x_wconf 80' lang='grc' dir='ltr'>καὶ</span> <span class='ocrx_word' id='word_1_39' title='bbox 671 586 878 640; x_wconf 84' lang='grc' dir='ltr'>τοιοῦτός</span> <span class='ocrx_word' id='word_1_40' title='bbox 917 610 987 640; x_wconf 91' lang='grc' dir='ltr'>τις</span> <span class='ocrx_word' id='word_1_41' title='bbox 1024 587 1124 656; x_wconf 77' lang='grc' dir='ltr'>ἥξει</span> <span class='ocrx_word' id='word_1_42' title='bbox 1158 586 1278 653; x_wconf 79' lang='grc' dir='ltr'>πρὸς</span> <span class='ocrx_word' id='word_1_43' title='bbox 1318 588 1436 650; x_wconf 83' lang='grc' dir='ltr'>ὑμᾶς</span> <span class='ocrx_word' id='word_1_44' title='bbox 1474 585 1633 652; x_wconf 75' lang='grc' dir='ltr'>λόγος,</span> 
     </span>
     <span class='ocr_line' id='line_1_9' title="bbox 115 670 1633 736; baseline -0.001 -13"><span class='ocrx_word' id='word_1_45' title='bbox 115 679 142 702; x_wconf 88' lang='grc'><strong>“</strong></span> <span class='ocrx_word' id='word_1_46' title='bbox 167 672 217 723; x_wconf 90' lang='grc' dir='ltr'>τί</span> <span class='ocrx_word' id='word_1_47' title='bbox 248 671 304 736; x_wconf 89' lang='grc' dir='ltr'>δὴ</span> <span class='ocrx_word' id='word_1_48' title='bbox 331 671 390 723; x_wconf 74' lang='grc' dir='ltr'>τὰ</span> <span class='ocrx_word' id='word_1_49' title='bbox 416 671 576 722; x_wconf 80' lang='grc' dir='ltr'>καὶτὰ</span> <span class='ocrx_word' id='word_1_50' title='bbox 601 670 846 725; x_wconf 80' lang='grc' dir='ltr'>πεπονθὼς</span> <span class='ocrx_word' id='word_1_51' title='bbox 883 673 908 722; x_wconf 84' lang='grc' dir='ltr'><strong>ὁ</strong></span> <span class='ocrx_word' id='word_1_52' title='bbox 942 674 1067 722; x_wconf 89' lang='grc' dir='ltr'>δεῖνα</span> <span class='ocrx_word' id='word_1_53' title='bbox 1102 672 1185 721; x_wconf 81' lang='grc' dir='ltr'>οὐκ</span> <span class='ocrx_word' id='word_1_54' title='bbox 1223 670 1464 733; x_wconf 83' lang='grc' dir='ltr'>ἐλάμβανε</span> <span class='ocrx_word' id='word_1_55' title='bbox 1501 672 1633 736; x_wconf 89' lang='grc' dir='ltr'>δίκην</span> 
     </span>
     <span class='ocr_line' id='line_1_10' title="bbox 114 753 1632 823; baseline -0.001 -16"><span class='ocrx_word' id='word_1_56' title='bbox 114 765 141 787; x_wconf 85' lang='grc'><strong>“</strong></span> <span class='ocrx_word' id='word_1_57' title='bbox 165 757 274 823; x_wconf 90' lang='grc' dir='ltr'>παρ’</span> <span class='ocrx_word' id='word_1_58' title='bbox 311 758 424 820; x_wconf 85' lang='grc' dir='ltr'>ἐμοῦ</span> <span class='ocrx_word' id='word_1_59' title='bbox 444 758 482 818; x_wconf 88' lang='grc'>;”</span> <span class='ocrx_word' id='word_1_60' title='bbox 523 755 552 821; x_wconf 79' lang='grc' dir='ltr'>ἢ</span> <span class='ocrx_word' id='word_1_61' title='bbox 590 764 617 786; x_wconf 82' lang='grc'><strong><em>“</em></strong></span> <span class='ocrx_word' id='word_1_62' title='bbox 637 757 685 807; x_wconf 90' lang='grc' dir='ltr'>τί</span> <span class='ocrx_word' id='word_1_63' title='bbox 716 755 797 820; x_wconf 88' lang='grc' dir='ltr'>δὴ”</span> <span class='ocrx_word' id='word_1_64' title='bbox 839 755 987 806; x_wconf 87' lang='grc' dir='ltr'>πάλιν</span> <span class='ocrx_word' id='word_1_65' title='bbox 1022 753 1203 806; x_wconf 73' lang='grc' dir='ltr'>οἄλλον</span> <span class='ocrx_word' id='word_1_66' title='bbox 1238 755 1355 808; x_wconf 74' lang='grc' dir='ltr'>’ίσως</span> <span class='ocrx_word' id='word_1_67' title='bbox 1392 755 1495 806; x_wconf 82' lang='grc' dir='ltr'>τινὰ</span> <span class='ocrx_word' id='word_1_68' title='bbox 1537 760 1632 806; x_wconf 81' lang='grc' dir='ltr'>τῶν</span> 
     </span>
     <span class='ocr_line' id='line_1_11' title="bbox 111 835 1684 907; baseline -0.003 -16"><span class='ocrx_word' id='word_1_69' title='bbox 111 840 398 905; x_wconf 71' lang='grc' dir='ltr'>ἠδικημένων</span> <span class='ocrx_word' id='word_1_70' title='bbox 424 839 678 906; x_wconf 75' lang='grc' dir='ltr'>ὀνομάζων.</span> <span class='ocrx_word' id='word_1_71' title='bbox 721 838 813 905; x_wconf 79' lang='grc' dir='ltr'>ε’γώ</span> <span class='ocrx_word' id='word_1_72' title='bbox 840 838 889 889; x_wconf 78' lang='grc' dir='ltr'>δὲ</span> <span class='ocrx_word' id='word_1_73' title='bbox 922 842 980 889; x_wconf 75' lang='grc' dir='ltr'>δι’</span> <span class='ocrx_word' id='word_1_74' title='bbox 1009 835 1062 892; x_wconf 74' lang='grc' dir='ltr'>ἃς</span> <span class='ocrx_word' id='word_1_75' title='bbox 1098 838 1184 903; x_wconf 76' lang='grc' dir='ltr'>μὲν</span> <span class='ocrx_word' id='word_1_76' title='bbox 1217 839 1483 907; x_wconf 79' lang='grc' dir='ltr'>προφάσεις</span> <span class='ocrx_word' id='word_1_77' title='bbox 1518 839 1624 890; x_wconf 77' lang='grc' dir='ltr'>ἕκα-</span> <span class='ocrx_word' id='word_1_78' title='bbox 1643 867 1684 888; x_wconf 87' lang='lat'>20</span> 
     </span>
     <span class='ocr_line' id='line_1_12' title="bbox 112 922 1630 993; baseline 0 -19"><span class='ocrx_word' id='word_1_79' title='bbox 112 947 228 978; x_wconf 91' lang='grc' dir='ltr'>στος</span> <span class='ocrx_word' id='word_1_80' title='bbox 253 924 515 993; x_wconf 83' lang='grc' dir='ltr'>ἀφίσταται</span> <span class='ocrx_word' id='word_1_81' title='bbox 552 929 634 974; x_wconf 86' lang='grc' dir='ltr'>τοῦ</span> <span class='ocrx_word' id='word_1_82' title='bbox 672 927 862 987; x_wconf 78' lang='grc' dir='ltr'>βοηθεῖν</span> <span class='ocrx_word' id='word_1_83' title='bbox 899 924 1065 991; x_wconf 71' lang='grc' dir='ltr'>Ραὺτῷ,</span> <span class='ocrx_word' id='word_1_84' title='bbox 1091 922 1272 976; x_wconf 85' lang='grc' dir='ltr'>πάντας</span> <span class='ocrx_word' id='word_1_85' title='bbox 1310 925 1426 986; x_wconf 80' lang='grc' dir='ltr'>ὑμᾶς</span> <span class='ocrx_word' id='word_1_86' title='bbox 1466 923 1630 974; x_wconf 78' lang='grc' dir='ltr'>εἰδέναι</span> 
     </span>
     <span class='ocr_line' id='line_1_13' title="bbox 112 1006 1628 1075; baseline -0.001 -15"><span class='ocrx_word' id='word_1_87' title='bbox 112 1008 299 1074; x_wconf 75' lang='grc' dir='ltr'>νομίζω·</span> <span class='ocrx_word' id='word_1_88' title='bbox 340 1010 416 1059; x_wconf 77' lang='grc' dir='ltr'>καὶ</span> <span class='ocrx_word' id='word_1_89' title='bbox 453 1007 547 1074; x_wconf 79' lang='grc' dir='ltr'>γὰρ</span> <span class='ocrx_word' id='word_1_90' title='bbox 589 1009 800 1075; x_wconf 83' lang='grc' dir='ltr'>ἀσχολία</span> <span class='ocrx_word' id='word_1_91' title='bbox 841 1009 915 1057; x_wconf 74' lang='grc' dir='ltr'>καὶ</span> <span class='ocrx_word' id='word_1_92' title='bbox 955 1008 1304 1073; x_wconf 83' lang='grc' dir='ltr'>ἀπραγμοσύνη</span> <span class='ocrx_word' id='word_1_93' title='bbox 1347 1009 1422 1058; x_wconf 79' lang='grc' dir='ltr'>καὶ</span> <span class='ocrx_word' id='word_1_94' title='bbox 1469 1006 1522 1058; x_wconf 80' lang='grc' dir='ltr'>τὸ</span> <span class='ocrx_word' id='word_1_95' title='bbox 1563 1007 1628 1072; x_wconf 86' lang='grc' dir='ltr'>μὴ</span> 
     </span>
    </p>

    <p class='ocr_par' dir='ltr' id='par_1_7' title="bbox 19 1091 1716 1832">
     <span class='ocr_line' id='line_1_14' title="bbox 19 1091 1628 1158; baseline 0.001 -18"><span class='ocrx_word' id='word_1_96' title='bbox 19 1099 98 1142; x_wconf 85' lang='lat'>182</span> <span class='ocrx_word' id='word_1_97' title='bbox 111 1092 342 1143; x_wconf 84' lang='grc' dir='ltr'>δύνασθαι</span> <span class='ocrx_word' id='word_1_98' title='bbox 370 1091 524 1158; x_wconf 80' lang='grc' dir='ltr'>λέγειν</span> <span class='ocrx_word' id='word_1_99' title='bbox 550 1093 625 1142; x_wconf 79' lang='grc' dir='ltr'>καὶ</span> <span class='ocrx_word' id='word_1_100' title='bbox 652 1092 823 1157; x_wconf 82' lang='grc' dir='ltr'>ἀπορία</span> <span class='ocrx_word' id='word_1_101' title='bbox 850 1093 925 1141; x_wconf 79' lang='grc' dir='ltr'>καὶ</span> <span class='ocrx_word' id='word_1_102' title='bbox 951 1092 1081 1157; x_wconf 87' lang='grc' dir='ltr'>μυρί’</span> <span class='ocrx_word' id='word_1_103' title='bbox 1109 1093 1240 1142; x_wconf 75' lang='grc' dir='ltr'>ἐστὶν</span> <span class='ocrx_word' id='word_1_104' title='bbox 1267 1091 1436 1142; x_wconf 55' lang='grc' dir='ltr'>Ἶαῖτια·</span> <span class='ocrx_word' id='word_1_105' title='bbox 1473 1114 1628 1157; x_wconf 89' lang='grc' dir='ltr'>προσ-</span> 
     </span>
     <span class='ocr_line' id='line_1_15' title="bbox 109 1175 1679 1245; baseline -0.001 -19"><span class='ocrx_word' id='word_1_106' title='bbox 109 1176 234 1240; x_wconf 85' lang='grc' dir='ltr'>ήκειν</span> <span class='ocrx_word' id='word_1_107' title='bbox 259 1176 417 1239; x_wconf 77' lang='grc' dir='ltr'>μέντοι</span> <span class='ocrx_word' id='word_1_108' title='bbox 455 1176 604 1245; x_wconf 77' lang='grc' dir='ltr'>τούτῳ</span> <span class='ocrx_word' id='word_1_109' title='bbox 640 1175 705 1239; x_wconf 89' lang='grc' dir='ltr'>μὴ</span> <span class='ocrx_word' id='word_1_110' title='bbox 736 1181 882 1226; x_wconf 77' lang='grc' dir='ltr'>ταῦτα</span> <span class='ocrx_word' id='word_1_111' title='bbox 921 1175 1074 1240; x_wconf 74' lang='grc' dir='ltr'>λέγειν</span> <span class='ocrx_word' id='word_1_112' title='bbox 1108 1176 1310 1240; x_wconf 83' lang='grc' dir='ltr'>ἡγοῦμαι</span> <span class='ocrx_word' id='word_1_113' title='bbox 1349 1176 1484 1233; x_wconf 71' lang='grc' dir='ltr'>Γνυνὶ,</span> <span class='ocrx_word' id='word_1_114' title='bbox 1514 1176 1679 1225; x_wconf 58' lang='grc' dir='ltr'>ἀλλ’ἳὸ</span> 
     </span>
     <span class='ocr_line' id='line_1_16' title="bbox 109 1256 1623 1324; baseline -0.001 -14"><span class='ocrx_word' id='word_1_115' title='bbox 109 1262 170 1314; x_wconf 86' lang='grc' dir='ltr'>ὡς</span> <span class='ocrx_word' id='word_1_116' title='bbox 205 1261 258 1311; x_wconf 79' lang='grc' dir='ltr'>οὐ</span> <span class='ocrx_word' id='word_1_117' title='bbox 284 1261 509 1324; x_wconf 79' lang='grc' dir='ltr'>πεποίηκε’</span> <span class='ocrx_word' id='word_1_118' title='bbox 538 1269 551 1287; x_wconf 73' lang='lat'>³</span> <span class='ocrx_word' id='word_1_119' title='bbox 569 1283 613 1311; x_wconf 89' lang='grc' dir='ltr'>τι</span> <span class='ocrx_word' id='word_1_120' title='bbox 652 1259 830 1310; x_wconf 83' lang='grc' dir='ltr'>τούτων</span> <span class='ocrx_word' id='word_1_121' title='bbox 856 1257 919 1309; x_wconf 74' lang='grc' dir='ltr'>ὧν</span> <span class='ocrx_word' id='word_1_122' title='bbox 945 1260 1086 1308; x_wconf 82' lang='grc' dir='ltr'>αὐτοῦ</span> <span class='ocrx_word' id='word_1_123' title='bbox 1126 1256 1428 1324; x_wconf 81' lang='grc' dir='ltr'>κατηγόρηκα</span> <span class='ocrx_word' id='word_1_124' title='bbox 1454 1258 1623 1309; x_wconf 84' lang='grc' dir='ltr'>διδάσ-</span> 
     </span>
     <span class='ocr_line' id='line_1_17' title="bbox 108 1342 1626 1409; baseline 0 -14"><span class='ocrx_word' id='word_1_125' title='bbox 108 1367 217 1403; x_wconf 89' lang='grc' dir='ltr'>κειν,</span> <span class='ocrx_word' id='word_1_126' title='bbox 260 1343 340 1395; x_wconf 84' lang='grc' dir='ltr'>ε’ἀν</span> <span class='ocrx_word' id='word_1_127' title='bbox 389 1343 437 1395; x_wconf 83' lang='grc' dir='ltr'>δὲ</span> <span class='ocrx_word' id='word_1_128' title='bbox 487 1343 551 1408; x_wconf 85' lang='grc' dir='ltr'>μὴ</span> <span class='ocrx_word' id='word_1_129' title='bbox 596 1343 801 1409; x_wconf 82' lang='grc' dir='ltr'>δύνηται,</span> <span class='ocrx_word' id='word_1_130' title='bbox 849 1342 924 1394; x_wconf 81' lang='grc' dir='ltr'>διὰ</span> <span class='ocrx_word' id='word_1_131' title='bbox 975 1347 1105 1393; x_wconf 79' lang='grc' dir='ltr'>ταῦτ’</span> <span class='ocrx_word' id='word_1_132' title='bbox 1146 1343 1447 1393; x_wconf 73' lang='grc' dir='ltr'>ἀπολωλέναι</span> <span class='ocrx_word' id='word_1_133' title='bbox 1498 1343 1626 1395; x_wconf 77' lang='grc' dir='ltr'>πολὺ</span> 
     </span>
     <span class='ocr_line' id='line_1_18' title="bbox 108 1424 1626 1494; baseline 0 -16"><span class='ocrx_word' id='word_1_134' title='bbox 108 1428 333 1490; x_wconf 67' lang='grc' dir='ltr'>ἴμοῖλλον.</span> <span class='ocrx_word' id='word_1_135' title='bbox 394 1432 431 1478; x_wconf 78' lang='grc' dir='ltr'>εἰ</span> <span class='ocrx_word' id='word_1_136' title='bbox 480 1426 572 1494; x_wconf 76' lang='grc' dir='ltr'>γὰρ</span> <span class='ocrx_word' id='word_1_137' title='bbox 623 1425 896 1491; x_wconf 82' lang='grc' dir='ltr'>τηλικοῦτός</span> <span class='ocrx_word' id='word_1_138' title='bbox 946 1427 1015 1480; x_wconf 85' lang='grc' dir='ltr'>τίς</span> <span class='ocrx_word' id='word_1_139' title='bbox 1065 1428 1208 1487; x_wconf 84' lang='grc' dir='ltr'>ἐστιν,</span> <span class='ocrx_word' id='word_1_140' title='bbox 1261 1424 1384 1476; x_wconf 77' lang='grc' dir='ltr'>ὥστε</span> <span class='ocrx_word' id='word_1_141' title='bbox 1434 1434 1626 1478; x_wconf 83' lang='grc' dir='ltr'>τοιαῦτα</span> 
     </span>
     <span class='ocr_line' id='line_1_19' title="bbox 107 1511 1625 1576; baseline 0 -14"><span class='ocrx_word' id='word_1_142' title='bbox 107 1517 253 1563; x_wconf 84' lang='grc' dir='ltr'>ποιῶν</span> <span class='ocrx_word' id='word_1_143' title='bbox 279 1511 509 1563; x_wconf 81' lang='grc' dir='ltr'>δύνασθαι</span> <span class='ocrx_word' id='word_1_144' title='bbox 548 1517 652 1563; x_wconf 86' lang='grc' dir='ltr'>καθ’</span> <span class='ocrx_word' id='word_1_145' title='bbox 680 1512 760 1563; x_wconf 79' lang='grc' dir='ltr'>ἕνα</span> <span class='ocrx_word' id='word_1_146' title='bbox 791 1512 1028 1562; x_wconf 76' lang='grc' dir='ltr'>“ἕκαστον</span> <span class='ocrx_word' id='word_1_147' title='bbox 1063 1511 1196 1575; x_wconf 79' lang='grc' dir='ltr'>ἡμῶν</span> <span class='ocrx_word' id='word_1_148' title='bbox 1231 1512 1511 1576; x_wconf 81' lang='grc' dir='ltr'>ἀποστερεῖν</span> <span class='ocrx_word' id='word_1_149' title='bbox 1542 1518 1625 1562; x_wconf 86' lang='grc' dir='ltr'>τοῦ</span> 
     </span>
     <span class='ocr_line' id='line_1_20' title="bbox 108 1593 1716 1663; baseline -0.003 -18"><span class='ocrx_word' id='word_1_150' title='bbox 108 1597 235 1660; x_wconf 85' lang='grc' dir='ltr'>δίκης</span> <span class='ocrx_word' id='word_1_151' title='bbox 273 1598 381 1662; x_wconf 92' lang='grc' dir='ltr'>παρ’</span> <span class='ocrx_word' id='word_1_152' title='bbox 410 1597 552 1646; x_wconf 81' lang='grc' dir='ltr'>αὐτοῦ</span> <span class='ocrx_word' id='word_1_153' title='bbox 577 1601 776 1663; x_wconf 76' lang='grc' dir='ltr'>Χτυχεῖν,</span> <span class='ocrx_word' id='word_1_154' title='bbox 814 1599 945 1662; x_wconf 82' lang='grc' dir='ltr'>κοινῇ</span> <span class='ocrx_word' id='word_1_155' title='bbox 984 1600 1080 1653; x_wconf 82' lang='grc' dir='ltr'>νῦν,</span> <span class='ocrx_word' id='word_1_156' title='bbox 1111 1593 1357 1660; x_wconf 84' lang='grc' dir='ltr'>ἐπειδήπερ</span> <span class='ocrx_word' id='word_1_157' title='bbox 1393 1595 1622 1658; x_wconf 79' lang='grc' dir='ltr'>εἴληπται,</span> <span class='ocrx_word' id='word_1_158' title='bbox 1634 1602 1716 1655; x_wconf 89' lang='lat'>561</span> 
     </span>
     <span class='ocr_line' id='line_1_21' title="bbox 107 1677 1625 1746; baseline 0 -16"><span class='ocrx_word' id='word_1_159' title='bbox 107 1685 256 1731; x_wconf 79' lang='grc' dir='ltr'>πᾶσιν</span> <span class='ocrx_word' id='word_1_160' title='bbox 293 1680 406 1746; x_wconf 75' lang='grc' dir='ltr'>ὑπὲρ</span> <span class='ocrx_word' id='word_1_161' title='bbox 433 1680 652 1732; x_wconf 84' lang='grc' dir='ltr'>ἁπάντων</span> <span class='ocrx_word' id='word_1_162' title='bbox 679 1689 695 1716; x_wconf 75' lang='lat' dir='ltr'>y</span> <span class='ocrx_word' id='word_1_163' title='bbox 715 1681 817 1731; x_wconf 79' lang='grc' dir='ltr'>ἐστὶ</span> <span class='ocrx_word' id='word_1_164' title='bbox 849 1679 1132 1745; x_wconf 78' lang='grc' dir='ltr'>τιμωρητέος</span> <span class='ocrx_word' id='word_1_165' title='bbox 1170 1682 1232 1732; x_wconf 85' lang='grc' dir='ltr'>ὡς</span> <span class='ocrx_word' id='word_1_166' title='bbox 1271 1677 1420 1732; x_wconf 80' lang='grc' dir='ltr'>κοινὸς</span> <span class='ocrx_word' id='word_1_167' title='bbox 1459 1678 1625 1746; x_wconf 79' lang='grc' dir='ltr'>ἐχθρὸς</span> 
     </span>
     <span class='ocr_line' id='line_1_22' title="bbox 109 1765 422 1832; baseline 0.003 -19"><span class='ocrx_word' id='word_1_168' title='bbox 109 1767 167 1830; x_wconf 85' lang='grc' dir='ltr'>τῇ</span> <span class='ocrx_word' id='word_1_169' title='bbox 193 1765 422 1832; x_wconf 75' lang='grc' dir='ltr'>πολιτεία.</span> 
     </span>
    </p>

    <p class='ocr_par' dir='ltr' id='par_1_8' title="bbox 19 1845 1671 2415">
     <span class='ocr_line' id='line_1_23' title="bbox 19 1845 1624 1914; baseline 0 -18"><span class='ocrx_word' id='word_1_170' title='bbox 19 1857 94 1912; x_wconf 85' lang='lat'>183</span> <span class='ocrx_word' id='word_1_171' title='bbox 185 1847 383 1912; x_wconf 79' lang='grc' dir='ltr'>Λέγεται</span> <span class='ocrx_word' id='word_1_172' title='bbox 422 1848 576 1898; x_wconf 88' lang='grc' dir='ltr'>τοίνυν</span> <span class='ocrx_word' id='word_1_173' title='bbox 610 1847 724 1898; x_wconf 78' lang='grc' dir='ltr'>ποτὲ</span> <span class='ocrx_word' id='word_1_174' title='bbox 762 1849 810 1897; x_wconf 85' lang='grc' dir='ltr'>ἐν</span> <span class='ocrx_word' id='word_1_175' title='bbox 845 1851 903 1914; x_wconf 84' lang='grc' dir='ltr'>τῇ</span> <span class='ocrx_word' id='word_1_176' title='bbox 934 1845 1072 1897; x_wconf 82' lang='grc' dir='ltr'>πόλει</span> <span class='ocrx_word' id='word_1_177' title='bbox 1111 1845 1264 1896; x_wconf 76' lang='grc' dir='ltr'>Ζκατδι</span> <span class='ocrx_word' id='word_1_178' title='bbox 1302 1845 1388 1909; x_wconf 86' lang='grc' dir='ltr'>τὴν</span> <span class='ocrx_word' id='word_1_179' title='bbox 1413 1846 1624 1897; x_wconf 81' lang='grc' dir='ltr'>παλαιὰν</span> 
     </span>
     <span class='ocr_line' id='line_1_24' title="bbox 109 1928 1650 1998; baseline 0.001 -18"><span class='ocrx_word' id='word_1_180' title='bbox 109 1931 282 1994; x_wconf 87' lang='grc' dir='ltr'>ἐκείνην</span> <span class='ocrx_word' id='word_1_181' title='bbox 327 1931 618 1994; x_wconf 81' lang='grc' dir='ltr'>εὐδαιμονίαν</span> <span class='ocrx_word' id='word_1_182' title='bbox 656 1929 961 1993; x_wconf 81' lang='grc' dir='ltr'>Ἀλκιβιάδης</span> <span class='ocrx_word' id='word_1_183' title='bbox 999 1931 1234 1995; x_wconf 74' lang='grc' dir='ltr'>γενέσθαι,</span> <span class='ocrx_word' id='word_1_184' title='bbox 1274 1928 1310 1998; x_wconf 74' lang='grc' dir='ltr'><em>ᾧ</em></span> <span class='ocrx_word' id='word_1_185' title='bbox 1354 1930 1650 1997; x_wconf 71' lang='grc' dir='ltr'>σκε’ψασθε,5</span> 
     </span>
     <span class='ocr_line' id='line_1_25' title="bbox 108 2013 1622 2080; baseline 0.001 -17"><span class='ocrx_word' id='word_1_186' title='bbox 108 2014 245 2063; x_wconf 89' lang='grc' dir='ltr'>τίνων</span> <span class='ocrx_word' id='word_1_187' title='bbox 272 2015 549 2079; x_wconf 82' lang='grc' dir='ltr'>εὐεργεσιῶν</span> <span class='ocrx_word' id='word_1_188' title='bbox 585 2016 901 2080; x_wconf 80' lang='grc' dir='ltr'>ὑπαρχουσῶν</span> <span class='ocrx_word' id='word_1_189' title='bbox 927 2016 1001 2064; x_wconf 76' lang='grc' dir='ltr'>καὶ</span> <span class='ocrx_word' id='word_1_190' title='bbox 1027 2015 1174 2064; x_wconf 88' lang='grc' dir='ltr'>ποίων</span> <span class='ocrx_word' id='word_1_191' title='bbox 1199 2018 1362 2064; x_wconf 70' lang='grc' dir='ltr'>8τινῶν</span> <span class='ocrx_word' id='word_1_192' title='bbox 1387 2013 1505 2079; x_wconf 79' lang='grc' dir='ltr'>πρὸς</span> <span class='ocrx_word' id='word_1_193' title='bbox 1539 2014 1622 2065; x_wconf 83' lang='grc' dir='ltr'>τὸν</span> 
     </span>
     <span class='ocr_line' id='line_1_26' title="bbox 108 2097 1621 2164; baseline 0.003 -17"><span class='ocrx_word' id='word_1_194' title='bbox 108 2099 269 2160; x_wconf 82' lang='grc' dir='ltr'>δῆμον,</span> <span class='ocrx_word' id='word_1_195' title='bbox 294 2102 395 2150; x_wconf 81' lang='grc' dir='ltr'>πῶς</span> <span class='ocrx_word' id='word_1_196' title='bbox 431 2097 682 2164; x_wconf 81' lang='grc' dir='ltr'>ἐχρήσανθ’</span> <span class='ocrx_word' id='word_1_197' title='bbox 713 2099 841 2161; x_wconf 82' lang='grc' dir='ltr'>ὑμῶν</span> <span class='ocrx_word' id='word_1_198' title='bbox 873 2101 914 2148; x_wconf 78' lang='grc' dir='ltr'>οἱ</span> <span class='ocrx_word' id='word_1_199' title='bbox 948 2097 1187 2164; x_wconf 84' lang='grc' dir='ltr'>πρόγονοι,</span> <span class='ocrx_word' id='word_1_200' title='bbox 1214 2098 1368 2161; x_wconf 85' lang='grc' dir='ltr'>ἐπειδὴ</span> <span class='ocrx_word' id='word_1_201' title='bbox 1389 2098 1621 2163; x_wconf 81' lang='grc' dir='ltr'>βδελυρὸς</span> 
     </span>
     <span class='ocr_line' id='line_1_27' title="bbox 106 2179 1621 2250; baseline 0.001 -20"><span class='ocrx_word' id='word_1_202' title='bbox 106 2182 182 2231; x_wconf 79' lang='grc' dir='ltr'>καὶ</span> <span class='ocrx_word' id='word_1_203' title='bbox 223 2180 448 2247; x_wconf 84' lang='grc' dir='ltr'>ὑβριστὴς</span> <span class='ocrx_word' id='word_1_204' title='bbox 487 2180 601 2250; x_wconf 74' lang='grc' dir='ltr'>ᾤετο</span> <span class='ocrx_word' id='word_1_205' title='bbox 639 2183 733 2231; x_wconf 84' lang='grc' dir='ltr'>δεῖν</span> <span class='ocrx_word' id='word_1_206' title='bbox 767 2179 892 2232; x_wconf 77' lang='grc' dir='ltr'>εἶναι.</span> <span class='ocrx_word' id='word_1_207' title='bbox 933 2183 1008 2231; x_wconf 80' lang='grc' dir='ltr'>καὶ</span> <span class='ocrx_word' id='word_1_208' title='bbox 1053 2182 1134 2231; x_wconf 81' lang='grc' dir='ltr'>οὐκ</span> <span class='ocrx_word' id='word_1_209' title='bbox 1174 2180 1426 2232; x_wconf 83' lang='grc' dir='ltr'>ἀπεικάσαι</span> <span class='ocrx_word' id='word_1_210' title='bbox 1470 2181 1621 2245; x_wconf 88' lang='grc' dir='ltr'>δήπου</span> 
     </span>
     <span class='ocr_line' id='line_1_28' title="bbox 108 2263 1671 2331; baseline 0.002 -17"><span class='ocrx_word' id='word_1_211' title='bbox 108 2266 308 2315; x_wconf 88' lang='grc' dir='ltr'>Μειδίαν</span> <span class='ocrx_word' id='word_1_212' title='bbox 347 2263 630 2331; x_wconf 77' lang='grc' dir='ltr'>Ἀλκιβιάδῃ</span> <span class='ocrx_word' id='word_1_213' title='bbox 670 2263 960 2327; x_wconf 86' lang='grc' dir='ltr'>βουλόμενος</span> <span class='ocrx_word' id='word_1_214' title='bbox 1010 2264 1177 2315; x_wconf 84' lang='grc' dir='ltr'>τούτου</span> <span class='ocrx_word' id='word_1_215' title='bbox 1221 2263 1491 2329; x_wconf 62' lang='grc' dir='ltr'>ἱ)με’,υ.νημαι</span> <span class='ocrx_word' id='word_1_216' title='bbox 1534 2271 1617 2317; x_wconf 82' lang='grc' dir='ltr'>τοῦ</span> <span class='ocrx_word' id='word_1_217' title='bbox 1632 2288 1671 2310; x_wconf 89' lang='lat'>10</span> 
     </span>
     <span class='ocr_line' id='line_1_29' title="bbox 105 2347 1617 2415; baseline 0.001 -17"><span class='ocrx_word' id='word_1_218' title='bbox 105 2348 265 2413; x_wconf 88' lang='grc' dir='ltr'>λόγου,</span> <span class='ocrx_word' id='word_1_219' title='bbox 307 2349 416 2415; x_wconf 52' lang='grc' dir='ltr'>οούχ</span> <span class='ocrx_word' id='word_1_220' title='bbox 467 2350 612 2401; x_wconf 73' lang='grc' dir='ltr'>οὕτως</span> <span class='ocrx_word' id='word_1_221' title='bbox 662 2350 752 2411; x_wconf 77' lang='grc' dir='ltr'>εἰμὶ</span> <span class='ocrx_word' id='word_1_222' title='bbox 803 2348 970 2415; x_wconf 76' lang='grc' dir='ltr'>ἄφρων</span> <span class='ocrx_word' id='word_1_223' title='bbox 1020 2350 1113 2399; x_wconf 83' lang='grc' dir='ltr'>οὐδ’</span> <span class='ocrx_word' id='word_1_224' title='bbox 1155 2347 1461 2414; x_wconf 87' lang='grc' dir='ltr'>ἀπόπληκτος</span> <span class='ocrx_word' id='word_1_225' title='bbox 1510 2349 1617 2414; x_wconf 84' lang='grc' dir='ltr'>ἐγὼ,</span> 
     </span>
    </p>
   </div>
   <div class='ocr_carea' id='block_1_6' title="bbox 105 2430 1617 2499">
    <p class='ocr_par' dir='ltr' id='par_1_9' title="bbox 105 2430 1617 2499">
     <span class='ocr_line' id='line_1_30' title="bbox 105 2430 1617 2499; baseline 0.002 -17"><span class='ocrx_word' id='word_1_226' title='bbox 105 2433 218 2482; x_wconf 85' lang='grc' dir='ltr'>ἀλλ’</span> <span class='ocrx_word' id='word_1_227' title='bbox 261 2433 315 2483; x_wconf 85' lang='grc' dir='ltr'>ἵν’</span> <span class='ocrx_word' id='word_1_228' title='bbox 349 2434 488 2496; x_wconf 79' lang='grc' dir='ltr'>εἰδῆθ’</span> <span class='ocrx_word' id='word_1_229' title='bbox 529 2435 668 2496; x_wconf 78' lang='grc' dir='ltr'>ὑμεῖς,</span> <span class='ocrx_word' id='word_1_230' title='bbox 702 2430 739 2482; x_wconf 72' lang='grc' dir='ltr'><em>ὦ</em></span> <span class='ocrx_word' id='word_1_231' title='bbox 770 2433 933 2499; x_wconf 76' lang='grc' dir='ltr'>ἄνδρες</span> <span class='ocrx_word' id='word_1_232' title='bbox 967 2436 1222 2497; x_wconf 83' lang='grc' dir='ltr'>Ἀθηναῖοι,</span> <span class='ocrx_word' id='word_1_233' title='bbox 1253 2435 1328 2484; x_wconf 74' lang='grc' dir='ltr'>καὶ</span> <span class='ocrx_word' id='word_1_234' title='bbox 1367 2435 1509 2499; x_wconf 78' lang='grc' dir='ltr'>γνῶθ’</span> <span class='ocrx_word' id='word_1_235' title='bbox 1546 2434 1617 2485; x_wconf 77' lang='grc' dir='ltr'>ὅτι</span> 
     </span>
    </p>
   </div>
   <div class='ocr_carea' id='block_1_7' title="bbox 102 2568 1615 2938">
    <p class='ocr_par' dir='ltr' id='par_1_10' title="bbox 102 2568 1615 2938">
     <span class='ocr_line' id='line_1_31' title="bbox 157 2568 1610 2620; baseline 0.001 -14"><span class='ocrx_word' id='word_1_236' title='bbox 157 2568 177 2596; x_wconf 81' lang='lat' dir='ltr'><strong>k</strong></span> <span class='ocrx_word' id='word_1_237' title='bbox 208 2571 450 2618; x_wconf 79' lang='grc' dir='ltr'>συλλεγέντες]</span> <span class='ocrx_word' id='word_1_238' title='bbox 475 2572 706 2617; x_wconf 77' lang='grc' dir='ltr'>συλλεγέντας</span> <span class='ocrx_word' id='word_1_239' title='bbox 724 2574 765 2606; x_wconf 85' lang='grc' dir='ltr'>Α.</span> <span class='ocrx_word' id='word_1_240' title='bbox 915 2569 926 2596; x_wconf 76' lang='lat' dir='ltr'>l</span> <span class='ocrx_word' id='word_1_241' title='bbox 954 2587 990 2605; x_wconf 89' lang='grc' dir='ltr'>τε</span> <span class='ocrx_word' id='word_1_242' title='bbox 1009 2584 1079 2608; x_wconf 89' lang='lat' dir='ltr'>om.</span> <span class='ocrx_word' id='word_1_243' title='bbox 1101 2573 1211 2606; x_wconf 86' lang='lat' dir='ltr'><strong>A.k.r.</strong></span> <span class='ocrx_word' id='word_1_244' title='bbox 1368 2579 1398 2598; x_wconf 77' lang='lat' dir='ltr'><strong>m</strong></span> <span class='ocrx_word' id='word_1_245' title='bbox 1426 2573 1610 2620; x_wconf 82' lang='grc' dir='ltr'>γίγνησθε]</span> 
     </span>
     <span class='ocr_line' id='line_1_32' title="bbox 103 2623 1613 2672; baseline 0.001 -14"><span class='ocrx_word' id='word_1_246' title='bbox 103 2623 263 2670; x_wconf 85' lang='grc' dir='ltr'>γίγνεσθε</span> <span class='ocrx_word' id='word_1_247' title='bbox 285 2625 373 2660; x_wconf 89' lang='lat' dir='ltr'>F.O.</span> <span class='ocrx_word' id='word_1_248' title='bbox 485 2632 505 2650; x_wconf 76' lang='grc' dir='ltr'>Π</span> <span class='ocrx_word' id='word_1_249' title='bbox 524 2625 653 2671; x_wconf 84' lang='grc' dir='ltr'>τοίνυν]</span> <span class='ocrx_word' id='word_1_250' title='bbox 678 2625 790 2659; x_wconf 85' lang='grc' dir='ltr'>τοίνυν</span> <span class='ocrx_word' id='word_1_251' title='bbox 808 2625 892 2660; x_wconf 76' lang='grc' dir='ltr'>ἰ’σως</span> <span class='ocrx_word' id='word_1_252' title='bbox 912 2626 1015 2660; x_wconf 87' lang='lat' dir='ltr'>A.k.1·</span> <span class='ocrx_word' id='word_1_253' title='bbox 1157 2631 1174 2650; x_wconf 91' lang='lat'>0</span> <span class='ocrx_word' id='word_1_254' title='bbox 1195 2627 1304 2660; x_wconf 71' lang='grc' dir='ltr'>ἄλλον</span> <span class='ocrx_word' id='word_1_255' title='bbox 1322 2625 1423 2672; x_wconf 74' lang='grc' dir='ltr'>ἴσως]</span> <span class='ocrx_word' id='word_1_256' title='bbox 1447 2627 1532 2662; x_wconf 83' lang='grc' dir='ltr'>ἰ’σως</span> <span class='ocrx_word' id='word_1_257' title='bbox 1550 2628 1613 2661; x_wconf 83' lang='grc' dir='ltr'>ἅλ-</span> 
     </span>
     <span class='ocr_line' id='line_1_33' title="bbox 103 2678 1613 2726; baseline 0.002 -15"><span class='ocrx_word' id='word_1_258' title='bbox 103 2679 166 2711; x_wconf 91' lang='grc' dir='ltr'>λον</span> <span class='ocrx_word' id='word_1_259' title='bbox 185 2691 212 2711; x_wconf 82' lang='lat' dir='ltr'>r.</span> <span class='ocrx_word' id='word_1_260' title='bbox 297 2684 316 2711; x_wconf 88' lang='lat' dir='ltr'>P</span> <span class='ocrx_word' id='word_1_261' title='bbox 336 2678 426 2724; x_wconf 80' lang='grc' dir='ltr'>αὑτῷ</span> <span class='ocrx_word' id='word_1_262' title='bbox 448 2679 483 2712; x_wconf 86' lang='lat' dir='ltr'>S.</span> <span class='ocrx_word' id='word_1_263' title='bbox 514 2680 620 2725; x_wconf 77' lang='grc' dir='ltr'>ἑαυτῷ</span> <span class='ocrx_word' id='word_1_264' title='bbox 638 2679 757 2724; x_wconf 69' lang='lat' dir='ltr'>vulgo.</span> <span class='ocrx_word' id='word_1_265' title='bbox 843 2685 862 2712; x_wconf 80' lang='grc'>(1</span> <span class='ocrx_word' id='word_1_266' title='bbox 883 2678 989 2724; x_wconf 77' lang='grc' dir='ltr'>αἴτια]</span> <span class='ocrx_word' id='word_1_267' title='bbox 1014 2678 1109 2723; x_wconf 84' lang='grc' dir='ltr'>ἕτερα</span> <span class='ocrx_word' id='word_1_268' title='bbox 1128 2680 1240 2714; x_wconf 86' lang='lat' dir='ltr'><strong>A.k.r.</strong></span> <span class='ocrx_word' id='word_1_269' title='bbox 1270 2679 1367 2725; x_wconf 83' lang='grc' dir='ltr'>ἕτερα</span> <span class='ocrx_word' id='word_1_270' title='bbox 1387 2679 1474 2714; x_wconf 80' lang='grc' dir='ltr'>αἴτια</span> <span class='ocrx_word' id='word_1_271' title='bbox 1495 2695 1550 2726; x_wconf 92' lang='grc' dir='ltr'>γρ.</span> <span class='ocrx_word' id='word_1_272' title='bbox 1574 2681 1613 2714; x_wconf 82' lang='lat' dir='ltr'>F.</span> 
     </span>
     <span class='ocr_line' id='line_1_34' title="bbox 104 2728 1614 2778; baseline 0.002 -14"><span class='ocrx_word' id='word_1_273' title='bbox 104 2736 118 2755; x_wconf 72' lang='grc' dir='ltr'><strong>Γ</strong></span> <span class='ocrx_word' id='word_1_274' title='bbox 139 2731 226 2776; x_wconf 75' lang='grc' dir='ltr'>νυνὶ]</span> <span class='ocrx_word' id='word_1_275' title='bbox 252 2733 309 2764; x_wconf 85' lang='grc' dir='ltr'>νῦν</span> <span class='ocrx_word' id='word_1_276' title='bbox 329 2731 431 2765; x_wconf 88' lang='lat' dir='ltr'><strong>F.t.v.</strong></span> <span class='ocrx_word' id='word_1_277' title='bbox 528 2737 542 2756; x_wconf 76' lang='lat'>⁵</span> <span class='ocrx_word' id='word_1_278' title='bbox 563 2746 595 2764; x_wconf 89' lang='grc' dir='ltr'>τι</span> <span class='ocrx_word' id='word_1_279' title='bbox 611 2731 741 2765; x_wconf 81' lang='grc' dir='ltr'>τούτων</span> <span class='ocrx_word' id='word_1_280' title='bbox 760 2728 820 2777; x_wconf 75' lang='grc' dir='ltr'>ὧν]</span> <span class='ocrx_word' id='word_1_281' title='bbox 844 2730 936 2766; x_wconf 79' lang='grc' dir='ltr'>ταῦτ’</span> <span class='ocrx_word' id='word_1_282' title='bbox 957 2731 1012 2775; x_wconf 82' lang='grc' dir='ltr'>ἐφ’</span> <span class='ocrx_word' id='word_1_283' title='bbox 1035 2730 1084 2767; x_wconf 77' lang='grc' dir='ltr'>οἷς</span> <span class='ocrx_word' id='word_1_284' title='bbox 1103 2733 1215 2767; x_wconf 85' lang='lat' dir='ltr'>A.k.r.</span> <span class='ocrx_word' id='word_1_285' title='bbox 1238 2739 1273 2767; x_wconf 87' lang='lat' dir='ltr'>et</span> <span class='ocrx_word' id='word_1_286' title='bbox 1291 2748 1346 2778; x_wconf 87' lang='grc' dir='ltr'>γρ.</span> <span class='ocrx_word' id='word_1_287' title='bbox 1363 2734 1400 2767; x_wconf 88' lang='lat' dir='ltr'>F.</span> <span class='ocrx_word' id='word_1_288' title='bbox 1496 2733 1509 2758; x_wconf 66' lang='lat' dir='ltr'><strong>t</strong></span> <span class='ocrx_word' id='word_1_289' title='bbox 1527 2736 1614 2776; x_wconf 80' lang='grc' dir='ltr'>μᾶλ-</span> 
     </span>
     <span class='ocr_line' id='line_1_35' title="bbox 103 2784 1615 2832; baseline 0.002 -16"><span class='ocrx_word' id='word_1_290' title='bbox 103 2785 182 2829; x_wconf 81' lang='grc' dir='ltr'>λον]</span> <span class='ocrx_word' id='word_1_291' title='bbox 207 2785 340 2827; x_wconf 80' lang='grc' dir='ltr'>μᾶλλόν</span> <span class='ocrx_word' id='word_1_292' title='bbox 361 2784 437 2818; x_wconf 83' lang='grc' dir='ltr'>ἐστι</span> <span class='ocrx_word' id='word_1_293' title='bbox 456 2785 581 2819; x_wconf 86' lang='grc' dir='ltr'>δίκαιος</span> <span class='ocrx_word' id='word_1_294' title='bbox 599 2785 816 2819; x_wconf 81' lang='lat' dir='ltr'><strong>A.F.k.1·.t.v.</strong></span> <span class='ocrx_word' id='word_1_295' title='bbox 840 2792 874 2819; x_wconf 85' lang='lat' dir='ltr'>et</span> <span class='ocrx_word' id='word_1_296' title='bbox 893 2797 961 2819; x_wconf 74' lang='lat' dir='ltr'><strong>ree-</strong></span> <span class='ocrx_word' id='word_1_297' title='bbox 982 2785 1016 2819; x_wconf 87' lang='lat' dir='ltr'>S.</span> <span class='ocrx_word' id='word_1_298' title='bbox 1172 2791 1192 2810; x_wconf 80' lang='lat'>¹1</span> <span class='ocrx_word' id='word_1_299' title='bbox 1223 2786 1366 2819; x_wconf 85' lang='grc' dir='ltr'>ἕκαστον</span> <span class='ocrx_word' id='word_1_300' title='bbox 1388 2786 1497 2832; x_wconf 83' lang='grc' dir='ltr'>ἡμῶν]</span> <span class='ocrx_word' id='word_1_301' title='bbox 1523 2786 1615 2830; x_wconf 86' lang='grc' dir='ltr'>ἡμῶν</span> 
     </span>
     <span class='ocr_line' id='line_1_36' title="bbox 102 2836 1612 2884; baseline 0.003 -14"><span class='ocrx_word' id='word_1_302' title='bbox 102 2836 244 2870; x_wconf 82' lang='grc' dir='ltr'>ἕκαστον</span> <span class='ocrx_word' id='word_1_303' title='bbox 266 2838 400 2871; x_wconf 71' lang='grc' dir='ltr'>Γ.3.1;.ν.</span> <span class='ocrx_word' id='word_1_304' title='bbox 521 2843 536 2859; x_wconf 87' lang='lat' dir='ltr'>x</span> <span class='ocrx_word' id='word_1_305' title='bbox 558 2837 689 2883; x_wconf 81' lang='grc' dir='ltr'>τυχεῖν]</span> <span class='ocrx_word' id='word_1_306' title='bbox 711 2839 891 2883; x_wconf 83' lang='grc' dir='ltr'>τυγχάνειν</span> <span class='ocrx_word' id='word_1_307' title='bbox 909 2839 1024 2873; x_wconf 85' lang='lat' dir='ltr'>A.k.r.</span> <span class='ocrx_word' id='word_1_308' title='bbox 1049 2844 1084 2872; x_wconf 83' lang='lat' dir='ltr'>et</span> <span class='ocrx_word' id='word_1_309' title='bbox 1102 2853 1157 2884; x_wconf 89' lang='grc' dir='ltr'>γρ.</span> <span class='ocrx_word' id='word_1_310' title='bbox 1177 2840 1220 2874; x_wconf 71' lang='lat' dir='ltr'>F.</span> <span class='ocrx_word' id='word_1_311' title='bbox 1341 2845 1360 2872; x_wconf 78' lang='lat' dir='ltr'>Y</span> <span class='ocrx_word' id='word_1_312' title='bbox 1379 2840 1455 2873; x_wconf 80' lang='grc' dir='ltr'>ἐστὶ</span> <span class='ocrx_word' id='word_1_313' title='bbox 1475 2851 1547 2874; x_wconf 87' lang='lat' dir='ltr'>om.</span> <span class='ocrx_word' id='word_1_314' title='bbox 1568 2840 1612 2874; x_wconf 86' lang='lat' dir='ltr'>Y.</span> 
     </span>
     <span class='ocr_line' id='line_1_37' title="bbox 103 2889 1612 2938; baseline 0.001 -15"><span class='ocrx_word' id='word_1_315' title='bbox 103 2889 177 2923; x_wconf 84' lang='lat' dir='ltr'><strong>O.s.</strong></span> <span class='ocrx_word' id='word_1_316' title='bbox 301 2897 317 2915; x_wconf 79' lang='lat'>⁷·</span> <span class='ocrx_word' id='word_1_317' title='bbox 337 2890 436 2936; x_wconf 73' lang='grc' dir='ltr'>κατὰ]</span> <span class='ocrx_word' id='word_1_318' title='bbox 460 2891 544 2934; x_wconf 87' lang='grc' dir='ltr'>μετὰ</span> <span class='ocrx_word' id='word_1_319' title='bbox 565 2891 608 2924; x_wconf 92' lang='lat' dir='ltr'>O.</span> <span class='ocrx_word' id='word_1_320' title='bbox 733 2897 751 2915; x_wconf 72' lang='lat' dir='ltr'>a</span> <span class='ocrx_word' id='word_1_321' title='bbox 770 2892 885 2938; x_wconf 84' lang='grc' dir='ltr'>τινῶν]</span> <span class='ocrx_word' id='word_1_322' title='bbox 910 2895 1014 2935; x_wconf 81' lang='grc' dir='ltr'>τιμῶν</span> <span class='ocrx_word' id='word_1_323' title='bbox 1032 2893 1143 2926; x_wconf 85' lang='lat' dir='ltr'><strong>A.k.r.</strong></span> <span class='ocrx_word' id='word_1_324' title='bbox 1165 2899 1200 2926; x_wconf 75' lang='lat' dir='ltr'>et</span> <span class='ocrx_word' id='word_1_325' title='bbox 1219 2907 1272 2938; x_wconf 86' lang='grc' dir='ltr'>γρ.</span> <span class='ocrx_word' id='word_1_326' title='bbox 1294 2892 1334 2927; x_wconf 87' lang='lat' dir='ltr'>F.</span> <span class='ocrx_word' id='word_1_327' title='bbox 1453 2891 1468 2914; x_wconf 67' lang='lat'>¹³</span> <span class='ocrx_word' id='word_1_328' title='bbox 1488 2894 1612 2936; x_wconf 86' lang='grc' dir='ltr'>μέμνη-</span> 
     </span>
    </p>
   </div>
   <div class='ocr_carea' id='block_1_8' title="bbox 101 2942 791 2989">
    <p class='ocr_par' dir='ltr' id='par_1_11' title="bbox 101 2942 791 2989">
     <span class='ocr_line' id='line_1_38' title="bbox 101 2942 791 2989; baseline 0.004 -14"><span class='ocrx_word' id='word_1_329' title='bbox 101 2942 176 2988; x_wconf 88' lang='grc' dir='ltr'>μαι]</span> <span class='ocrx_word' id='word_1_330' title='bbox 200 2942 362 2987; x_wconf 78' lang='grc' dir='ltr'>μέμνηται</span> <span class='ocrx_word' id='word_1_331' title='bbox 381 2949 407 2977; x_wconf 90' lang='lat' dir='ltr'>t.</span> <span class='ocrx_word' id='word_1_332' title='bbox 519 2949 536 2969; x_wconf 74' lang='lat'><strong>⁰</strong></span> <span class='ocrx_word' id='word_1_333' title='bbox 555 2943 637 2989; x_wconf 81' lang='grc' dir='ltr'>οὐχ]</span> <span class='ocrx_word' id='word_1_334' title='bbox 661 2942 731 2978; x_wconf 78' lang='grc' dir='ltr'>οὐδ’</span> <span class='ocrx_word' id='word_1_335' title='bbox 752 2944 791 2978; x_wconf 86' lang='lat' dir='ltr'>F.</span> 
     </span>
    </p>
   </div>
  </div>
 </body>
</html>
