1954 3273
48 148 203 202 -498‚
222 164 274 188 ⁴28.
685 151 828 188 ΠΡΟΣ
862 150 1166 189 ΑΕΠΤΙΝΗΝ.
1600 156 1682 194 525

168 263 421 325 Ἀθηναῖοι,
449 260 776 330 φυλάξασθαι,
802 264 923 312 τοῦτ’
954 267 1094 313 εἰπεῖν
1125 263 1190 313 ε”τι
1220 263 1468 327 βούλομαι.
1522 271 1558 316 εἰ
1588 268 1682 334 γάρ

168 368 237 398 τις
275 344 431 407 πάνθ’,
470 347 565 396 ὅσα
600 346 833 410 Λεπτίνης
871 347 966 412 ἐρεῖ
997 348 1103 412 περὶ
1140 352 1223 397 τοῦ
1262 346 1405 410 νόμου
1444 349 1731 409 διδάσκωνε5

170 431 285 491 ὑμᾶς
318 432 379 482 ὡς
409 433 566 482 καλῶς
600 433 755 491 κεῖται,
782 429 1137 496 συγχωρήσειεν
1164 433 1319 494 ἀληθῆ
1347 431 1500 497 λέγειν
1527 433 1681 498 αὐτὸν,

167 513 215 562 ἕν
241 525 285 577 γ’
312 512 513 579 αἰσχρὸν
541 514 636 562 οὐδ’
665 511 723 563 ἂν
758 513 800 563 εἴ
829 536 872 563 τι
905 514 1085 578 γε’νοιτο
1117 516 1389 581 ἀναιρεθείη,
1425 514 1449 566 ὃ
1484 518 1676 582 συμβή-

166 619 300 646 σεται
333 595 408 647 διὰ
441 601 523 646 τοῦ
561 594 705 658 νόμου
742 598 899 662 κυρίου
934 597 1183 662 γενομένου
1217 603 1274 666 τῇ
1310 598 1460 652 πόλει.
1519 603 1567 651 τί
1600 603 1682 653 οῦν

165 681 286 730 τοῦτ’
316 679 475 740 ε”στινς
516 679 570 730 τὸ
597 684 746 731 δοκεῖν
773 681 1109 748 ἐξηπατηκέναι
1141 681 1247 736 τοῦς
1273 683 1452 748 ἀγαθόν
1478 707 1522 734 τι
1549 685 1680 750 ποιή-

74 785 154 826 150
166 787 359 819 σαντας.
415 764 484 815 ὅτι
518 763 604 828 μὲν
638 764 792 816 τοίνυν
818 771 991 816 Οτοῦτο
1026 766 1074 816 ἕν
1109 789 1153 816 τι
1188 771 1283 818 τῶν
1317 771 1529 835 αἰσχρῶν
1562 770 1678 833 ἐστι,
1690 774 1773 828 498

164 848 343 902 πάντας
387 847 443 898 ἂν
487 849 687 914 ἡγοῦμαι
738 852 905 917 φῆσαι,
949 849 1050 919 ὅσῳ
1095 852 1132 902 δ’
1175 853 1281 914 ὑμῖν
1320 862 1336 889 Γ
1354 852 1542 920 αἴσχιον
1585 859 1680 906 τῶν

163 934 341 995 ἄλλων,
369 931 608 983 ἀκούσατέ
635 956 739 997 μου.
795 933 925 984 ἔστιν
956 942 975 968 q
994 936 1100 998 ὑμῖν
1138 934 1278 999 νόμος
1317 938 1521 1003 ἀρχαῖος,
1554 943 1679 989 Γτῶν

163 1022 320 1071 καλῶς
347 1017 608 1068 δοκούντων
634 1018 768 1085 ἔχειν,
794 1018 876 1068 5ιῖν
901 1042 970 1072 τις
997 1019 1320 1087 ὑποσχόμενός
1348 1044 1391 1071 τι
1422 1020 1504 1072 τὸν
1530 1026 1679 1087 δῆμον

162 1101 454 1170 ἐξαπατήσῃ,
493 1103 674 1168 κρίνειν,
715 1100 802 1152 κᾶν
840 1104 958 1171 ἁλῷ,
997 1103 1184 1173 θανάτῳ
1223 1104 1425 1170 ζημιοῦν.
1484 1104 1560 1157 εἶτ’
1594 1108 1706 1159 οὐκ5

162 1185 450 1252 αἰσχύνεσθ’,
471 1183 507 1235 ὦ
535 1185 698 1252 ἄνδρες
725 1190 981 1249 Ἀθηναῖοι,
999 1191 1035 1237 εἰ
1063 1189 1134 1255 ἐφ’
1157 1186 1194 1257 ᾧ
1220 1193 1315 1242 τοῖς
1341 1189 1510 1243 ἄλλοις
1537 1190 1678 1241 θάνα-

161 1293 243 1321 τον
274 1270 469 1336 1ῑζημίοτν
504 1268 712 1339 ἐτάξατε,
744 1272 864 1321 τοῦτ’
891 1272 1046 1321 “αὐτοὶ
1086 1277 1323 1326 ποιοῦντες
1358 1273 1672 1340 φανήσεσθε,

161 1357 237 1406 καὶ
273 1354 368 1420 μὴν
405 1354 560 1406 πάντα
598 1354 683 1419 μὲν
722 1356 1028 1415 εὐλαβεῖσθαι
1067 1359 1138 1407 δεῖ
1169 1362 1316 1407 ποιεῖν
1353 1356 1411 1407 τὰ
1451 1360 1677 1410 δοκοῦντα

159 1442 234 1490 καὶ
278 1438 370 1489 ὅντ’
411 1438 603 1507 αἰσχρὰ,
642 1438 858 1502 μάλιστα
896 1438 945 1490 δὲ
988 1441 1116 1490 ταῦτ’
1155 1441 1227 1507 ἐφ’
1267 1438 1334 1494 οῖς
1371 1446 1467 1495 τοῖς
1507 1442 1674 1497 ἄλλοις
1690 1466 1728 1488 ιο

159 1528 380 1591 χαλεπῶς
435 1546 504 1577 τις
561 1523 680 1622 ἔχων
738 1523 1114 1590 &parat-⁸013&
1166 1546 1260 1590 γαρ
1311 1525 1676 1636 ἀμφισβήτησις

159 1608 520 1659 Ῡκαταλειπεται
570 1606 624 1658 τὸ
674 1631 738 1672 μη
791 1611 938 1658 ταῦτα
988 1613 1149 1670 ποιεῖν,
1195 1605 1225 1658 ἃ
1273 1632 1457 1676 πονηρα
1502 1611 1676 1666 Ζαύτὸς

160 1714 332 1757 εκρινεν
359 1689 472 1741 εἶναι
497 1690 739 1757 πρότερον.

68 1791 142 1833 151
224 1773 335 1825 ’Έτι
369 1775 524 1825 τοίνυν
559 1776 675 1836 ὑμᾶς
712 1777 892 1826 κάκεῖνο
924 1777 1230 1837 εὐλαβεῖσθαι
1262 1779 1341 1839 δεῖ,
1373 1777 1499 1832 ὅπως
1529 1779 1675 1843 μηδὲν

1258 1859 1277 1887 b

159 1855 223 1908 ὧν
254 1861 376 1927 ἃἰδία
413 1858 703 1926 φυλάξαισθ’
738 1858 806 1920 ἂν,
840 1865 978 1910 τοῦτο
1016 1862 1222 1929 δημοσίᾳ
1294 1868 1531 1916 ποιοῦντες
1571 1868 1668 1931 φα·
1688 1888 1724 1919 15

200 1940 212 1957 t
436 1944 446 1956 e
502 1947 521 1956 Α
635 1944 645 1959 t
790 1944 798 1957 ›
834 1944 843 1958 ν
877 1941 894 1961 ,x
965 1943 984 1963 ‘c
1096 1945 1105 1959 ²
1148 1943 1159 1961 x
1227 1943 1247 1964 ’ἓ
1298 1942 1338 1970 (1⁵
1381 1947 1391 1962 Ι
1516 1948 1530 1965 x
1623 1947 1634 1964 t

158 1947 377 2006 νησεσθε.
425 1966 552 2005 υμων
571 1966 725 1993 τοινυν
751 1947 832 1993 ουδ
867 1967 924 1993 αν
944 1967 1005 1997 εις
1033 1948 1188 1995 Οουδεν
1214 1968 1278 1995 ων
1327 1948 1418 2014 ιδιςι
1444 1969 1531 1996 τινι
1558 1950 1672 2012 δοιη,

157 2031 281 2077 τοῦτ’
324 2027 549 2095 ἀφέλοιτο
599 2026 758 2089 πάλιν,
802 2029 912 2078 ἀλλ’
956 2029 1048 2078 οὐδ’
1090 2028 1425 2096 ἐπιχειρήσειεν
1468 2031 1540 2082 ἅν.
1606 2031 1671 2096 μὴ

157 2111 311 2160 τοίνυν
359 2109 476 2174 μηδὲ
526 2112 730 2180 δημοσίᾳ
781 2118 919 2162 τοῦτο
964 2112 1239 2176 Εποιήσητε,
1284 2112 1414 2163 ἀλλὰ
1464 2114 1672 2166 κελεύετε

63 2192 371 2252 152Ϊτούτους
402 2193 508 2248 τοῦς
539 2197 754 2261 ἐροῦντας
782 2195 896 2262 ὑπὲρ
922 2203 1005 2247 τοῦ
1036 2195 1193 2259 νόμου,
1220 2197 1261 2247 εἴ
1282 2220 1385 2247 τινα
1410 2202 1504 2248 τῶν
1531 2200 1663 2265 εὑρη·
1682 2225 1723 2247 20

154 2279 305 2342 με’νων
339 2278 423 2342 τὴν
459 2279 636 2345 δωρεὰν
667 2280 858 2349 ἀνάξιον
892 2278 1009 2332 εἶναι’
1040 2285 1192 2349 φασιν
1223 2280 1251 2345 ἢ
1285 2281 1349 2346 μὴ
1380 2284 1670 2347 πεποιηκότα

153 2363 222 2429 ἐφ’
253 2361 320 2415 οἷς
352 2363 508 2427 εὕρετο
541 2363 673 2430 ἔχειν,
701 2361 729 2427 ἢ
757 2363 883 2463 ἄλλο
910 2371 930 2398 g
944 2365 1097 2415 ὁτιοῦν
1122 2366 1387 2430 ἐγκαλοῦσί
1415 2388 1516 2428 τινι,
1542 2366 1664 2433 γρά-

152 2450 326 2514 φεσθαι
364 2446 482 2497 κατὰ
517 2446 628 2498 ΙΙτὸν
664 2445 842 2511 νόμον1
854 2446 907 2498 ὸν
939 2448 1320 2517 παρεισφέρομεν
1355 2456 1436 2501 νῦν
1468 2450 1666 2515 ἡμεῖς,ἢ

206 2598 224 2617 0
246 2594 348 2626 τοῦτο
372 2592 406 2626 ἕν
426 2593 475 2639 τι]
499 2593 534 2627 ἕν
553 2609 585 2628 τι
607 2597 709 2628 τοῦτο
728 2595 842 2630 A.k.s.
1026 2601 1044 2629 P
1063 2594 1201 2641 α’ίσχιον
1220 2600 1287 2630 τῶν
1306 2596 1438 2643 ἄλλων]
1464 2600 1532 2632 τῶν
1549 2597 1668 2632 ἄλλων

152 2644 289 2690 αἴσχιον
310 2646 416 2681 F.t.v.
492 2653 511 2680 q
532 2647 608 2691 ὑμῖν
627 2648 743 2693 νόμος]
765 2650 866 2692 νόμος
887 2648 962 2693 ὑμῖν
981 2650 1054 2683 As.
1085 2651 1185 2694 νόμος
1204 2649 1281 2694 ἡμῖν
1300 2651 1336 2684 k.
1418 2655 1433 2676 Γ
1452 2654 1519 2685 τῶν
1539 2652 1664 2698 καλῶς]

152 2701 262 2734 καλῶς
281 2701 348 2733 τῶν
370 2700 404 2733 S.
445 2699 537 2734 Illud
557 2701 592 2734 in
612 2715 666 2747 γρ.
689 2714 709 2735 a
728 2714 774 2736 m.
798 2714 864 2736 Sec.
964 2709 978 2729 S
998 2702 1038 2736 ἅν
1059 2703 1093 2737 S.
1124 2703 1182 2737 ἐάν
1200 2704 1320 2750 vulgo.
1417 2706 1428 2727 t
1448 2704 1581 2750 ζημίαν]
1606 2705 1666 2749 τὴν

905 2765 913 2782 l
1460 2767 1480 2784 Τ

151 2787 267 2830 ζημίαν
288 2786 389 2821 F.t.v.
466 2794 485 2813 u
506 2788 617 2834 αὐτοὶ]
641 2755 735 2823 aim-22
756 2790 794 2824 F.
825 2790 907 2823 αὐτὸ
929 2790 963 2824 S.
993 2791 1075 2825 αὐτὸ
1096 2791 1185 2825 Ῡ.Ο.
1263 2798 1278 2814 Χ
1301 2791 1395 2837 οὐδὲ]
1419 2792 1497 2825 οὐδὲ
1518 2791 1556 2826 F.
1587 2794 1665 2826 οὕτε

149 2839 242 2875 Y.O.
333 2846 350 2873 y
371 2841 621 2888 καταλείπεται]
646 2843 694 2877 ἔτι
715 2842 951 2877 καταλείπεται
971 2844 1076 2879 F.t.v.
1164 2850 1182 2869 Ζ
1202 2845 1321 2891 αὐτὸς]
1346 2859 1396 2880 τις
1415 2845 1516 2879 αὐτὸς
1536 2845 1663 2880 A.F.k.

149 2899 238 2928 s.t.V.
325 2899 343 2918 a
365 2894 448 2940 ἷδίᾳ]
474 2895 579 2929 εἰδυῖα
599 2908 625 2930 s.
726 2894 740 2917 ¹²
760 2899 936 2933 ποιοῦντες
955 2909 1026 2932 om.
1049 2911 1076 2932 s.
1164 2903 1180 2923 0
1200 2899 1297 2933 οὐδέν
1316 2910 1384 2932 om.
1410 2898 1449 2932 F.
1535 2894 1554 2922 d
1575 2899 1660 2946 ἰδίᾳ]

148 2946 253 2980 εἰδυῖα
273 2959 301 2982 s,
401 2953 417 2972 e
436 2946 618 2994 ποιήσητε]
642 2949 804 2994 ποιήσετε
823 2963 850 2985 r.
961 2948 977 2976 f
992 2950 1134 2987 τούτους
1153 2964 1222 2986 om.
1246 2952 1286 2986 F.
1387 2958 1408 2987 g
1428 2951 1558 2998 ὁτιοῦν]
1581 2966 1614 2986 τι
1634 2964 1662 2986 r.

147 2996 168 3024 h
187 3000 247 3034 τὸν
266 3012 335 3035 om.
359 3013 386 3035 S.
499 2998 508 3025 i
529 3000 567 3036 ὃν
586 3003 879 3050 παρεισφέρομεν]
902 3002 1004 3050 ὅνπερ
1025 3003 1237 3051 εἰσφέρομεν
1250 3006 1319 3039 k.s.
