<?xml version="1.0" encoding="UTF-8"?>
<!DOCTYPE html PUBLIC "-//W3C//DTD XHTML 1.0 Transitional//EN"
    "http://www.w3.org/TR/xhtml1/DTD/xhtml1-transitional.dtd">
<html xmlns="http://www.w3.org/1999/xhtml" xml:lang="en" lang="en">
 <head>
  <title>
</title>
<meta http-equiv="Content-Type" content="text/html;charset=utf-8" />
  <meta name='ocr-system' content='tesseract 3.04.00' />
  <meta name='ocr-capabilities' content='ocr_page ocr_carea ocr_par ocr_line ocrx_word'/>
</head>
<body>
  <div class='ocr_page' id='page_1' title='image "./operaexrecension02demouoft_0256.png"; bbox 0 0 1954 3273; ppageno 0'>
   <div class='ocr_carea' id='block_1_1' title="bbox 959 417 1067 465">
    <p class='ocr_par' dir='ltr' id='par_1_1' title="bbox 959 417 1067 465">
     <span class='ocr_line' id='line_1_1' title="bbox 959 417 1067 465; baseline 0.009 -1"><span class='ocrx_word' id='word_1_1' title='bbox 959 417 1067 465; x_wconf 86' lang='grc' dir='ltr'>ΚΔ.</span> 
     </span>
    </p>
   </div>
   <div class='ocr_carea' id='block_1_2' title="bbox 553 574 1864 632">
    <p class='ocr_par' dir='ltr' id='par_1_2' title="bbox 553 574 1864 632">
     <span class='ocr_line' id='line_1_2' title="bbox 553 574 1864 632; baseline -0.003 0"><span class='ocrx_word' id='word_1_2' title='bbox 553 579 775 632; x_wconf 88' lang='grc' dir='ltr'><strong>ΚΑΤΑ</strong></span> <span class='ocrx_word' id='word_1_3' title='bbox 827 578 1418 630; x_wconf 76' lang='grc' dir='ltr'><strong>ΤΙΜΟΚΡΑΤΟΤΣ</strong></span> <span class='ocrx_word' id='word_1_4' title='bbox 1431 574 1466 629; x_wconf 76' lang='lat'>³.</span> <span class='ocrx_word' id='word_1_5' title='bbox 1779 578 1864 631; x_wconf 91' lang='lat'>694</span> 
     </span>
    </p>
   </div>
   <div class='ocr_carea' id='block_1_3' title="bbox 928 743 1098 751">
    <p class='ocr_par' dir='ltr' id='par_1_3' title="bbox 928 743 1098 751">
     <span class='ocr_line' id='line_1_3' title="bbox 928 743 1098 751; baseline -0.006 0"><span class='ocrx_word' id='word_1_6' title='bbox 928 743 1098 751; x_wconf 81' lang='lat'>——-</span> 
     </span>
    </p>
   </div>
   <div class='ocr_carea' id='block_1_4' title="bbox 769 849 1246 882">
    <p class='ocr_par' dir='ltr' id='par_1_4' title="bbox 769 849 1246 882">
     <span class='ocr_line' id='line_1_4' title="bbox 769 849 1246 882; baseline -0.008 0"><span class='ocrx_word' id='word_1_7' title='bbox 769 852 982 882; x_wconf 82' lang='lat' dir='ltr'><strong>AIBANIOY</strong></span> <span class='ocrx_word' id='word_1_8' title='bbox 1009 849 1246 880; x_wconf 82' lang='grc' dir='ltr'><strong>ΥΠΟΘΕΣῙΣ.</strong></span> 
     </span>
    </p>
   </div>
   <div class='ocr_carea' id='block_1_5' title="bbox 254 951 1871 2215">
    <p class='ocr_par' dir='ltr' id='par_1_5' title="bbox 254 951 1871 2215">
     <span class='ocr_line' id='line_1_5' title="bbox 310 951 1767 1002; baseline -0.001 -14"><span class='ocrx_word' id='word_1_9' title='bbox 310 954 479 999; x_wconf 84' lang='grc' dir='ltr'>Διόδωρος</span> <span class='ocrx_word' id='word_1_10' title='bbox 506 954 568 998; x_wconf 81' lang='grc' dir='ltr'>μὲν</span> <span class='ocrx_word' id='word_1_11' title='bbox 592 954 759 989; x_wconf 80' lang='grc' dir='ltr'>κάνταῦθα</span> <span class='ocrx_word' id='word_1_12' title='bbox 787 955 806 988; x_wconf 84' lang='grc' dir='ltr'>ὁ</span> <span class='ocrx_word' id='word_1_13' title='bbox 831 951 1062 1002; x_wconf 61' lang='grc' dir='ltr'>Βκατήγορος·</span> <span class='ocrx_word' id='word_1_14' title='bbox 1095 954 1275 1000; x_wconf 82' lang='grc' dir='ltr'>κατηγορεῖ</span> <span class='ocrx_word' id='word_1_15' title='bbox 1301 953 1366 987; x_wconf 75' lang='grc' dir='ltr'>Οδέ</span> <span class='ocrx_word' id='word_1_16' title='bbox 1392 953 1496 996; x_wconf 82' lang='grc' dir='ltr'>νόμου</span> <span class='ocrx_word' id='word_1_17' title='bbox 1523 953 1616 997; x_wconf 84' lang='grc' dir='ltr'>μάλα</span> <span class='ocrx_word' id='word_1_18' title='bbox 1639 952 1767 997; x_wconf 89' lang='grc' dir='ltr'>φιλαν-</span> 
     </span>
     <span class='ocr_line' id='line_1_6' title="bbox 255 1017 1770 1064; baseline -0.002 -11"><span class='ocrx_word' id='word_1_19' title='bbox 255 1019 405 1064; x_wconf 86' lang='grc' dir='ltr'>θρώπου,</span> <span class='ocrx_word' id='word_1_20' title='bbox 435 1019 553 1064; x_wconf 82' lang='grc' dir='ltr'>διόπερ</span> <span class='ocrx_word' id='word_1_21' title='bbox 580 1018 648 1052; x_wconf 80' lang='grc' dir='ltr'>ἀπὸ</span> <span class='ocrx_word' id='word_1_22' title='bbox 676 1020 736 1063; x_wconf 84' lang='grc' dir='ltr'>τῆς</span> <span class='ocrx_word' id='word_1_23' title='bbox 763 1019 870 1055; x_wconf 83' lang='grc' dir='ltr'>αἰτίας</span> <span class='ocrx_word' id='word_1_24' title='bbox 898 1020 951 1053; x_wconf 88' lang='grc' dir='ltr'>καὶ</span> <span class='ocrx_word' id='word_1_25' title='bbox 982 1020 1042 1063; x_wconf 83' lang='grc' dir='ltr'>τῆς</span> <span class='ocrx_word' id='word_1_26' title='bbox 1074 1021 1136 1052; x_wconf 85' lang='grc' dir='ltr'>τοῦ</span> <span class='ocrx_word' id='word_1_27' title='bbox 1163 1018 1380 1064; x_wconf 78' lang='grc' dir='ltr'>γεγραφότος</span> <span class='ocrx_word' id='word_1_28' title='bbox 1409 1017 1543 1063; x_wconf 81' lang='grc' dir='ltr'>γνώμης</span> <span class='ocrx_word' id='word_1_29' title='bbox 1570 1017 1770 1058; x_wconf 83' lang='grc' dir='ltr'>διαβάλλειν</span> 
     </span>
     <span class='ocr_line' id='line_1_7' title="bbox 254 1077 1799 1127; baseline -0.001 -12"><span class='ocrx_word' id='word_1_30' title='bbox 254 1081 357 1115; x_wconf 80' lang='grc' dir='ltr'>αὐτὸν</span> <span class='ocrx_word' id='word_1_31' title='bbox 376 1083 543 1126; x_wconf 81' lang='grc' dir='ltr'>πειρᾶται.</span> <span class='ocrx_word' id='word_1_32' title='bbox 575 1081 652 1116; x_wconf 76' lang='grc' dir='ltr'>ἔστι</span> <span class='ocrx_word' id='word_1_33' title='bbox 672 1080 701 1116; x_wconf 84' lang='grc' dir='ltr'>δ’</span> <span class='ocrx_word' id='word_1_34' title='bbox 716 1084 734 1115; x_wconf 86' lang='grc' dir='ltr'>ὁ</span> <span class='ocrx_word' id='word_1_35' title='bbox 755 1084 856 1127; x_wconf 90' lang='grc' dir='ltr'>νόμος</span> <span class='ocrx_word' id='word_1_36' title='bbox 874 1084 892 1116; x_wconf 88' lang='grc' dir='ltr'><em>ὁ</em></span> <span class='ocrx_word' id='word_1_37' title='bbox 912 1085 973 1116; x_wconf 86' lang='grc' dir='ltr'>τοῦ</span> <span class='ocrx_word' id='word_1_38' title='bbox 992 1082 1220 1127; x_wconf 87' lang='grc' dir='ltr'>Τιμοκράτους</span> <span class='ocrx_word' id='word_1_39' title='bbox 1238 1084 1405 1121; x_wconf 79' lang='grc' dir='ltr'>τοιοῦτος,</span> <span class='ocrx_word' id='word_1_40' title='bbox 1425 1079 1456 1115; x_wconf 74' lang='grc' dir='ltr'>εἴ</span> <span class='ocrx_word' id='word_1_41' title='bbox 1473 1077 1567 1114; x_wconf 73' lang='grc' dir='ltr'>(Ῑτινι</span> <span class='ocrx_word' id='word_1_42' title='bbox 1585 1079 1769 1124; x_wconf 83' lang='grc' dir='ltr'>Ἀθηναίων</span> <span class='ocrx_word' id='word_1_43' title='bbox 1782 1086 1799 1117; x_wconf 89' lang='grc'>5</span> 
     </span>
     <span class='ocr_line' id='line_1_8' title="bbox 255 1143 1770 1193; baseline -0.001 -14"><span class='ocrx_word' id='word_1_44' title='bbox 255 1143 307 1179; x_wconf 82' lang='grc' dir='ltr'>ἐπ’</span> <span class='ocrx_word' id='word_1_45' title='bbox 330 1144 506 1190; x_wconf 86' lang='grc' dir='ltr'>ὀφλήματι</span> <span class='ocrx_word' id='word_1_46' title='bbox 530 1145 683 1193; x_wconf 80' lang='grc' dir='ltr'>δημοσίῳ</span> <span class='ocrx_word' id='word_1_47' title='bbox 710 1144 980 1192; x_wconf 80' lang='grc' dir='ltr'>προστετίμηται</span> <span class='ocrx_word' id='word_1_48' title='bbox 1007 1146 1136 1189; x_wconf 87' lang='grc' dir='ltr'>δεσμοῦ</span> <span class='ocrx_word' id='word_1_49' title='bbox 1164 1144 1183 1189; x_wconf 91' lang='grc' dir='ltr'>ἢ</span> <span class='ocrx_word' id='word_1_50' title='bbox 1212 1145 1264 1179; x_wconf 79' lang='grc' dir='ltr'>καὶ</span> <span class='ocrx_word' id='word_1_51' title='bbox 1291 1145 1332 1179; x_wconf 87' lang='grc' dir='ltr'>τὸ</span> <span class='ocrx_word' id='word_1_52' title='bbox 1359 1146 1482 1179; x_wconf 89' lang='grc' dir='ltr'>λοιπὸν</span> <span class='ocrx_word' id='word_1_53' title='bbox 1509 1143 1770 1190; x_wconf 82' lang='grc' dir='ltr'>προστιμηθεὶη,</span> 
     </span>
     <span class='ocr_line' id='line_1_9' title="bbox 256 1207 1772 1257; baseline 0 -14"><span class='ocrx_word' id='word_1_54' title='bbox 256 1209 408 1254; x_wconf 69' lang='grc' dir='ltr'>θέξεῖναι</span> <span class='ocrx_word' id='word_1_55' title='bbox 435 1209 525 1257; x_wconf 76' lang='grc' dir='ltr'>αὐτῷ</span> <span class='ocrx_word' id='word_1_56' title='bbox 557 1207 576 1253; x_wconf 90' lang='grc' dir='ltr'>ἢ</span> <span class='ocrx_word' id='word_1_57' title='bbox 607 1209 704 1257; x_wconf 73' lang='grc' dir='ltr'>ἄλλῳ</span> <span class='ocrx_word' id='word_1_58' title='bbox 733 1210 817 1256; x_wconf 77' lang='grc' dir='ltr'>ὑπὲρ</span> <span class='ocrx_word' id='word_1_59' title='bbox 845 1211 948 1244; x_wconf 83' lang='grc' dir='ltr'>αὐτοῦ</span> <span class='ocrx_word' id='word_1_60' title='bbox 982 1210 1146 1256; x_wconf 83' lang='grc' dir='ltr'>ἐγγυητὰς</span> <span class='ocrx_word' id='word_1_61' title='bbox 1178 1209 1432 1253; x_wconf 81' lang='grc' dir='ltr'>καταστήσαντι</span> <span class='ocrx_word' id='word_1_62' title='bbox 1463 1210 1526 1243; x_wconf 83' lang='grc' dir='ltr'>τοῦ</span> <span class='ocrx_word' id='word_1_63' title='bbox 1559 1207 1772 1254; x_wconf 78' lang='grc' dir='ltr'>ὀφλήματος,</span> 
     </span>
     <span class='ocr_line' id='line_1_10' title="bbox 256 1269 1770 1320; baseline -0.001 -14"><span class='ocrx_word' id='word_1_64' title='bbox 256 1272 315 1308; x_wconf 78' lang='grc' dir='ltr'>οὓς</span> <span class='ocrx_word' id='word_1_65' title='bbox 337 1271 376 1307; x_wconf 81' lang='grc' dir='ltr'>ἂν</span> <span class='ocrx_word' id='word_1_66' title='bbox 401 1274 420 1306; x_wconf 84' lang='grc' dir='ltr'>ὁ</span> <span class='ocrx_word' id='word_1_67' title='bbox 446 1273 550 1317; x_wconf 84' lang='grc' dir='ltr'>δῆμος</span> <span class='ocrx_word' id='word_1_68' title='bbox 573 1273 812 1319; x_wconf 80' lang='grc' dir='ltr'>χειροτονήσῃ,</span> <span class='ocrx_word' id='word_1_69' title='bbox 839 1273 858 1317; x_wconf 82' lang='grc' dir='ltr'><em>ἧ</em></span> <span class='ocrx_word' id='word_1_70' title='bbox 886 1274 952 1318; x_wconf 86' lang='grc' dir='ltr'>μὴν</span> <span class='ocrx_word' id='word_1_71' title='bbox 980 1274 1074 1309; x_wconf 86' lang='grc' dir='ltr'>ε’ντὸς</span> <span class='ocrx_word' id='word_1_72' title='bbox 1100 1273 1204 1319; x_wconf 80' lang='grc' dir='ltr'>ῥητῆς</span> <span class='ocrx_word' id='word_1_73' title='bbox 1230 1273 1441 1320; x_wconf 73' lang='grc' dir='ltr'>προθεσμίας</span> <span class='ocrx_word' id='word_1_74' title='bbox 1469 1273 1626 1313; x_wconf 81' lang='grc' dir='ltr'>ἐκτίσειν,</span> <span class='ocrx_word' id='word_1_75' title='bbox 1650 1269 1770 1317; x_wconf 52' lang='grc' dir='ltr'>1’ἀφεῖ-</span> 
     </span>
     <span class='ocr_line' id='line_1_11' title="bbox 258 1336 1826 1384; baseline -0.001 -13"><span class='ocrx_word' id='word_1_76' title='bbox 258 1338 340 1372; x_wconf 88' lang='grc' dir='ltr'>σθαι</span> <span class='ocrx_word' id='word_1_77' title='bbox 364 1340 425 1371; x_wconf 69' lang='lat' dir='ltr'>rofi</span> <span class='ocrx_word' id='word_1_78' title='bbox 451 1339 593 1382; x_wconf 81' lang='grc' dir='ltr'>δεσμοῦ·</span> <span class='ocrx_word' id='word_1_79' title='bbox 624 1339 681 1372; x_wconf 83' lang='grc' dir='ltr'>ἐὰν</span> <span class='ocrx_word' id='word_1_80' title='bbox 706 1339 742 1372; x_wconf 79' lang='grc' dir='ltr'>δὲ</span> <span class='ocrx_word' id='word_1_81' title='bbox 769 1339 972 1374; x_wconf 80' lang='grc' dir='ltr'>ἐπιστάντος</span> <span class='ocrx_word' id='word_1_82' title='bbox 997 1341 1058 1373; x_wconf 82' lang='grc' dir='ltr'>τοῦ</span> <span class='ocrx_word' id='word_1_83' title='bbox 1084 1340 1210 1384; x_wconf 86' lang='grc' dir='ltr'>χρόνου</span> <span class='ocrx_word' id='word_1_84' title='bbox 1234 1338 1279 1383; x_wconf 87' lang='grc' dir='ltr'>μὴ</span> <span class='ocrx_word' id='word_1_85' title='bbox 1306 1338 1444 1381; x_wconf 83' lang='grc' dir='ltr'>ε’κτισθῇ</span> <span class='ocrx_word' id='word_1_86' title='bbox 1468 1338 1508 1371; x_wconf 85' lang='grc' dir='ltr'>τὸ</span> <span class='ocrx_word' id='word_1_87' title='bbox 1534 1336 1687 1383; x_wconf 72' lang='grc' dir='ltr'>ὄφλημα,</span> <span class='ocrx_word' id='word_1_88' title='bbox 1711 1337 1772 1371; x_wconf 88' lang='grc' dir='ltr'>τὸν</span> <span class='ocrx_word' id='word_1_89' title='bbox 1787 1344 1826 1366; x_wconf 90' lang='lat'>10</span> 
     </span>
     <span class='ocr_line' id='line_1_12' title="bbox 256 1398 1771 1448; baseline -0.001 -13"><span class='ocrx_word' id='word_1_90' title='bbox 256 1402 319 1446; x_wconf 82' lang='grc' dir='ltr'>μὲν</span> <span class='ocrx_word' id='word_1_91' title='bbox 350 1401 595 1448; x_wconf 69' lang='grc' dir='ltr'>ἐξεγγυηθέντα</span> <span class='ocrx_word' id='word_1_92' title='bbox 632 1402 803 1442; x_wconf 82' lang='grc' dir='ltr'>δεδέσθαι,</span> <span class='ocrx_word' id='word_1_93' title='bbox 835 1405 902 1436; x_wconf 82' lang='grc' dir='ltr'>τῶν</span> <span class='ocrx_word' id='word_1_94' title='bbox 939 1402 975 1436; x_wconf 77' lang='grc' dir='ltr'>δὲ</span> <span class='ocrx_word' id='word_1_95' title='bbox 1013 1402 1185 1447; x_wconf 79' lang='grc' dir='ltr'>ἐγγυητῶν</span> <span class='ocrx_word' id='word_1_96' title='bbox 1219 1399 1385 1446; x_wconf 75' lang='grc' dir='ltr'>δημοσίαν</span> <span class='ocrx_word' id='word_1_97' title='bbox 1422 1398 1506 1435; x_wconf 73' lang='grc' dir='ltr'>εἶναι</span> <span class='ocrx_word' id='word_1_98' title='bbox 1543 1401 1604 1445; x_wconf 85' lang='grc' dir='ltr'>τὴν</span> <span class='ocrx_word' id='word_1_99' title='bbox 1637 1399 1771 1435; x_wconf 75' lang='grc' dir='ltr'>οὐσίαν.</span> 
     </span>
     <span class='ocr_line' id='line_1_13' title="bbox 257 1463 1772 1512; baseline -0.001 -13"><span class='ocrx_word' id='word_1_100' title='bbox 257 1468 379 1500; x_wconf 84' lang='grc' dir='ltr'>τοῦτον</span> <span class='ocrx_word' id='word_1_101' title='bbox 405 1466 549 1500; x_wconf 82' lang='grc' dir='ltr'>αἷτιᾶται</span> <span class='ocrx_word' id='word_1_102' title='bbox 578 1466 637 1500; x_wconf 81' lang='grc' dir='ltr'>τὸν</span> <span class='ocrx_word' id='word_1_103' title='bbox 665 1468 768 1510; x_wconf 82' lang='grc' dir='ltr'>νόμον</span> <span class='ocrx_word' id='word_1_104' title='bbox 793 1467 811 1499; x_wconf 91' lang='grc' dir='ltr'>ὁ</span> <span class='ocrx_word' id='word_1_105' title='bbox 836 1465 1022 1512; x_wconf 88' lang='grc' dir='ltr'>κατήγορος</span> <span class='ocrx_word' id='word_1_106' title='bbox 1048 1466 1113 1510; x_wconf 73' lang='grc' dir='ltr'>οὐχ</span> <span class='ocrx_word' id='word_1_107' title='bbox 1139 1466 1224 1512; x_wconf 74' lang='grc' dir='ltr'>ὑπὲρ</span> <span class='ocrx_word' id='word_1_108' title='bbox 1247 1468 1307 1500; x_wconf 83' lang='grc' dir='ltr'>τοῦ</span> <span class='ocrx_word' id='word_1_109' title='bbox 1334 1468 1445 1500; x_wconf 84' lang='grc' dir='ltr'>κοινοῦ</span> <span class='ocrx_word' id='word_1_110' title='bbox 1466 1465 1672 1512; x_wconf 83' lang='grc' dir='ltr'>γεγράφθαι,</span> <span class='ocrx_word' id='word_1_111' title='bbox 1693 1463 1772 1499; x_wconf 82' lang='grc' dir='ltr'>ἀλλ’</span> 
     </span>
     <span class='ocr_line' id='line_1_14' title="bbox 258 1526 1822 1576; baseline -0.001 -12"><span class='ocrx_word' id='word_1_112' title='bbox 258 1530 343 1576; x_wconf 76' lang='grc' dir='ltr'>ὑπὲρ</span> <span class='ocrx_word' id='word_1_113' title='bbox 357 1529 600 1575; x_wconf 82' lang='grc' dir='ltr'>Ἀνδροτίωνος</span> <span class='ocrx_word' id='word_1_114' title='bbox 619 1531 671 1564; x_wconf 84' lang='grc' dir='ltr'>καὶ</span> <span class='ocrx_word' id='word_1_115' title='bbox 691 1531 907 1564; x_wconf 64' lang='grc' dir='ltr'>ἕΓλαυκέτου</span> <span class='ocrx_word' id='word_1_116' title='bbox 927 1533 979 1564; x_wconf 83' lang='grc' dir='ltr'>καὶ</span> <span class='ocrx_word' id='word_1_117' title='bbox 999 1531 1221 1564; x_wconf 87' lang='grc' dir='ltr'>Μελανώπου.</span> <span class='ocrx_word' id='word_1_118' title='bbox 1249 1529 1342 1564; x_wconf 72' lang='grc' dir='ltr'>οὗτοι</span> <span class='ocrx_word' id='word_1_119' title='bbox 1360 1530 1438 1576; x_wconf 83' lang='grc' dir='ltr'>γὰρ,</span> <span class='ocrx_word' id='word_1_120' title='bbox 1451 1526 1582 1574; x_wconf 64' lang='grc' dir='ltr'>ῙἏφησὶ,</span> <span class='ocrx_word' id='word_1_121' title='bbox 1595 1529 1770 1574; x_wconf 88' lang='grc' dir='ltr'>πεμφθέν-</span> <span class='ocrx_word' id='word_1_122' title='bbox 1787 1533 1822 1566; x_wconf 88' lang='lat'>15</span> 
     </span>
     <span class='ocr_line' id='line_1_15' title="bbox 258 1590 1772 1641; baseline -0.001 -13"><span class='ocrx_word' id='word_1_123' title='bbox 258 1609 313 1630; x_wconf 84' lang='grc' dir='ltr'>τες</span> <span class='ocrx_word' id='word_1_124' title='bbox 341 1595 388 1630; x_wconf 81' lang='grc' dir='ltr'>εἷς</span> <span class='ocrx_word' id='word_1_125' title='bbox 415 1595 539 1639; x_wconf 85' lang='grc' dir='ltr'>Καρίαν</span> <span class='ocrx_word' id='word_1_126' title='bbox 566 1595 777 1641; x_wconf 81' lang='grc' dir='ltr'>πρεσβευταὶ</span> <span class='ocrx_word' id='word_1_127' title='bbox 801 1595 854 1628; x_wconf 81' lang='grc' dir='ltr'>καὶ</span> <span class='ocrx_word' id='word_1_128' title='bbox 883 1594 1044 1629; x_wconf 82' lang='grc' dir='ltr'>πλέοντες</span> <span class='ocrx_word' id='word_1_129' title='bbox 1069 1593 1104 1627; x_wconf 86' lang='grc' dir='ltr'>ἐν</span> <span class='ocrx_word' id='word_1_130' title='bbox 1129 1590 1290 1639; x_wconf 75' lang='grc' dir='ltr'>ἱτριήρει,</span> <span class='ocrx_word' id='word_1_131' title='bbox 1315 1595 1559 1639; x_wconf 79' lang='grc' dir='ltr'>περιπεσόντες</span> <span class='ocrx_word' id='word_1_132' title='bbox 1585 1591 1772 1638; x_wconf 88' lang='grc' dir='ltr'>Ναυκρατί-</span> 
     </span>
     <span class='ocr_line' id='line_1_16' title="bbox 257 1654 1774 1704; baseline -0.002 -11"><span class='ocrx_word' id='word_1_133' title='bbox 257 1672 330 1693; x_wconf 84' lang='grc' dir='ltr'>ταις</span> <span class='ocrx_word' id='word_1_134' title='bbox 357 1658 546 1703; x_wconf 84' lang='grc' dir='ltr'>ἀνθρώποις</span> <span class='ocrx_word' id='word_1_135' title='bbox 574 1659 746 1704; x_wconf 80' lang='grc' dir='ltr'>ἐμπόροις,</span> <span class='ocrx_word' id='word_1_136' title='bbox 772 1657 959 1702; x_wconf 81' lang='grc' dir='ltr'>ἀφείλοντο</span> <span class='ocrx_word' id='word_1_137' title='bbox 987 1657 1097 1691; x_wconf 80' lang='grc' dir='ltr'>αὐτῶν</span> <span class='ocrx_word' id='word_1_138' title='bbox 1121 1657 1163 1690; x_wconf 89' lang='grc' dir='ltr'>τὰ</span> <span class='ocrx_word' id='word_1_139' title='bbox 1191 1657 1358 1702; x_wconf 83' lang='grc' dir='ltr'>χρήματα.</span> <span class='ocrx_word' id='word_1_140' title='bbox 1402 1654 1464 1691; x_wconf 77' lang='grc' dir='ltr'>εἶθ’</span> <span class='ocrx_word' id='word_1_141' title='bbox 1488 1658 1520 1690; x_wconf 83' lang='grc' dir='ltr'>οἶ</span> <span class='ocrx_word' id='word_1_142' title='bbox 1548 1658 1774 1702; x_wconf 83' lang='grc' dir='ltr'>Ναυκρατῖται</span> 
     </span>
     <span class='ocr_line' id='line_1_17' title="bbox 257 1716 1827 1767; baseline -0.002 -11"><span class='ocrx_word' id='word_1_143' title='bbox 257 1723 319 1766; x_wconf 83' lang='grc' dir='ltr'>μὲν</span> <span class='ocrx_word' id='word_1_144' title='bbox 345 1722 502 1758; x_wconf 80' lang='grc' dir='ltr'>ἐλθόντες</span> <span class='ocrx_word' id='word_1_145' title='bbox 526 1721 687 1766; x_wconf 79' lang='grc' dir='ltr'>Ἀθήναζε</span> <span class='ocrx_word' id='word_1_146' title='bbox 711 1721 771 1755; x_wconf 89' lang='grc' dir='ltr'>τὸν</span> <span class='ocrx_word' id='word_1_147' title='bbox 796 1721 901 1765; x_wconf 82' lang='grc' dir='ltr'>δῆμον</span> <span class='ocrx_word' id='word_1_148' title='bbox 928 1722 1085 1763; x_wconf 83' lang='grc' dir='ltr'>ἱκέτευον,</span> <span class='ocrx_word' id='word_1_149' title='bbox 1106 1722 1124 1754; x_wconf 91' lang='grc' dir='ltr'>ὁ</span> <span class='ocrx_word' id='word_1_150' title='bbox 1148 1721 1184 1755; x_wconf 85' lang='grc' dir='ltr'>δέ</span> <span class='ocrx_word' id='word_1_151' title='bbox 1210 1721 1314 1764; x_wconf 82' lang='grc' dir='ltr'>δῆμος</span> <span class='ocrx_word' id='word_1_152' title='bbox 1338 1721 1424 1767; x_wconf 76' lang='grc' dir='ltr'>ἕγνω</span> <span class='ocrx_word' id='word_1_153' title='bbox 1451 1721 1598 1764; x_wconf 80' lang='grc' dir='ltr'>πολέμια</span> <span class='ocrx_word' id='word_1_154' title='bbox 1623 1716 1706 1754; x_wconf 70' lang='grc' dir='ltr'>εἶναι</span> <span class='ocrx_word' id='word_1_155' title='bbox 1730 1719 1773 1753; x_wconf 84' lang='grc' dir='ltr'>τὰ</span> <span class='ocrx_word' id='word_1_156' title='bbox 1786 1723 1827 1746; x_wconf 87' lang='lat'>20</span> 
     </span>
     <span class='ocr_line' id='line_1_18' title="bbox 258 1782 1775 1832; baseline -0.001 -13"><span class='ocrx_word' id='word_1_157' title='bbox 258 1785 426 1832; x_wconf 83' lang='grc' dir='ltr'>χρήματα,</span> <span class='ocrx_word' id='word_1_158' title='bbox 452 1786 505 1820; x_wconf 86' lang='grc' dir='ltr'>καὶ</span> <span class='ocrx_word' id='word_1_159' title='bbox 532 1786 577 1830; x_wconf 81' lang='grc' dir='ltr'>μὴ</span> <span class='ocrx_word' id='word_1_160' title='bbox 603 1786 673 1820; x_wconf 82' lang='grc' dir='ltr'>δεῖν</span> <span class='ocrx_word' id='word_1_161' title='bbox 700 1785 907 1829; x_wconf 82' lang='grc' dir='ltr'>ἀποδοθῆναι</span> <span class='ocrx_word' id='word_1_162' title='bbox 934 1787 1006 1821; x_wconf 81' lang='grc' dir='ltr'>τοῖς</span> <span class='ocrx_word' id='word_1_163' title='bbox 1034 1786 1206 1831; x_wconf 83' lang='grc' dir='ltr'>ἐμπόροις.</span> <span class='ocrx_word' id='word_1_164' title='bbox 1249 1784 1378 1819; x_wconf 83' lang='grc' dir='ltr'>τούτων</span> <span class='ocrx_word' id='word_1_165' title='bbox 1406 1786 1443 1819; x_wconf 83' lang='grc' dir='ltr'>δέ</span> <span class='ocrx_word' id='word_1_166' title='bbox 1471 1783 1559 1819; x_wconf 80' lang='grc' dir='ltr'>οὕτω</span> <span class='ocrx_word' id='word_1_167' title='bbox 1586 1782 1775 1830; x_wconf 77' lang='grc' dir='ltr'>γενομένων</span> 
     </span>
     <span class='ocr_line' id='line_1_19' title="bbox 259 1846 1776 1895; baseline -0.002 -11"><span class='ocrx_word' id='word_1_168' title='bbox 259 1847 468 1895; x_wconf 63' lang='grc' dir='ltr'>ῙίἈρχέβιος</span> <span class='ocrx_word' id='word_1_169' title='bbox 488 1851 540 1884; x_wconf 80' lang='grc' dir='ltr'>καὶ</span> <span class='ocrx_word' id='word_1_170' title='bbox 561 1848 762 1892; x_wconf 81' lang='grc' dir='ltr'>Λυσιθείδης</span> <span class='ocrx_word' id='word_1_171' title='bbox 781 1850 812 1882; x_wconf 83' lang='grc' dir='ltr'>οἱ</span> <span class='ocrx_word' id='word_1_172' title='bbox 832 1846 1048 1895; x_wconf 84' lang='grc' dir='ltr'>1τριήραρχοι</span> <span class='ocrx_word' id='word_1_173' title='bbox 1067 1850 1126 1893; x_wconf 82' lang='grc' dir='ltr'>τῆς</span> <span class='ocrx_word' id='word_1_174' title='bbox 1146 1850 1238 1889; x_wconf 84' lang='grc' dir='ltr'>νεὼς,</span> <span class='ocrx_word' id='word_1_175' title='bbox 1261 1848 1317 1894; x_wconf 70' lang='grc' dir='ltr'>ἐφ’</span> <span class='ocrx_word' id='word_1_176' title='bbox 1337 1848 1412 1893; x_wconf 65' lang='grc' dir='ltr'>ωῆς</span> <span class='ocrx_word' id='word_1_177' title='bbox 1429 1850 1551 1882; x_wconf 76' lang='grc' dir='ltr'>ἔπλεον</span> <span class='ocrx_word' id='word_1_178' title='bbox 1571 1849 1602 1882; x_wconf 81' lang='grc' dir='ltr'>οἱ</span> <span class='ocrx_word' id='word_1_179' title='bbox 1620 1848 1697 1893; x_wconf 81' lang='grc' dir='ltr'>περὶ</span> <span class='ocrx_word' id='word_1_180' title='bbox 1715 1848 1776 1882; x_wconf 89' lang='grc' dir='ltr'>τὸν</span> 
     </span>
     <span class='ocr_line' id='line_1_20' title="bbox 258 1912 1826 1959; baseline -0.002 -11"><span class='ocrx_word' id='word_1_181' title='bbox 258 1914 495 1959; x_wconf 85' lang='grc' dir='ltr'>Ἀνδροτίωνα,</span> <span class='ocrx_word' id='word_1_182' title='bbox 527 1914 824 1959; x_wconf 72' lang='grc' dir='ltr'>Πεῖσεπράττοντο</span> <span class='ocrx_word' id='word_1_183' title='bbox 852 1913 895 1946; x_wconf 83' lang='grc' dir='ltr'>τὰ</span> <span class='ocrx_word' id='word_1_184' title='bbox 921 1912 1090 1958; x_wconf 84' lang='grc' dir='ltr'>χρήματα.</span> <span class='ocrx_word' id='word_1_185' title='bbox 1133 1912 1178 1947; x_wconf 84' lang='grc' dir='ltr'>ὣς</span> <span class='ocrx_word' id='word_1_186' title='bbox 1205 1913 1241 1946; x_wconf 77' lang='grc' dir='ltr'>δὲ</span> <span class='ocrx_word' id='word_1_187' title='bbox 1272 1913 1390 1947; x_wconf 83' lang='grc' dir='ltr'>ἐκεῖνοι</span> <span class='ocrx_word' id='word_1_188' title='bbox 1420 1913 1483 1956; x_wconf 79' lang='grc' dir='ltr'>μὲν</span> <span class='ocrx_word' id='word_1_189' title='bbox 1510 1913 1570 1946; x_wconf 79' lang='grc' dir='ltr'>οὐκ</span> <span class='ocrx_word' id='word_1_190' title='bbox 1599 1913 1775 1957; x_wconf 81' lang='grc' dir='ltr'>ἐφάνησαν</span> <span class='ocrx_word' id='word_1_191' title='bbox 1788 1921 1826 1952; x_wconf 84' lang='grc'>25</span> 
     </span>
     <span class='ocr_line' id='line_1_21' title="bbox 260 1973 1871 2026; baseline -0.001 -14"><span class='ocrx_word' id='word_1_192' title='bbox 260 1979 396 2022; x_wconf 77' lang='grc' dir='ltr'>ἔχοντες</span> <span class='ocrx_word' id='word_1_193' title='bbox 419 1977 516 2018; x_wconf 75' lang='grc' dir='ltr'>αὐτὰ,</span> <span class='ocrx_word' id='word_1_194' title='bbox 537 1979 569 2011; x_wconf 81' lang='grc' dir='ltr'>οἱ</span> <span class='ocrx_word' id='word_1_195' title='bbox 593 1978 804 2023; x_wconf 79' lang='grc' dir='ltr'>πρεσβευταὶ</span> <span class='ocrx_word' id='word_1_196' title='bbox 828 1977 865 2011; x_wconf 82' lang='grc' dir='ltr'>δέ</span> <span class='ocrx_word' id='word_1_197' title='bbox 891 1977 1090 2023; x_wconf 85' lang='grc' dir='ltr'>ὡμολόγουν</span> <span class='ocrx_word' id='word_1_198' title='bbox 1116 1978 1206 2022; x_wconf 82' lang='grc' dir='ltr'>ἔχειν</span> <span class='ocrx_word' id='word_1_199' title='bbox 1234 1977 1329 2018; x_wconf 79' lang='grc' dir='ltr'>αὐτὰ,</span> <span class='ocrx_word' id='word_1_200' title='bbox 1351 1978 1429 2011; x_wconf 83' lang='grc' dir='ltr'>θκαὶ</span> <span class='ocrx_word' id='word_1_201' title='bbox 1454 1977 1522 2010; x_wconf 81' lang='grc' dir='ltr'>ἔδει</span> <span class='ocrx_word' id='word_1_202' title='bbox 1545 1978 1639 2010; x_wconf 85' lang='grc' dir='ltr'>Ρπᾶν</span> <span class='ocrx_word' id='word_1_203' title='bbox 1662 1977 1776 2021; x_wconf 83' lang='grc' dir='ltr'>χρῆμα</span> <span class='ocrx_word' id='word_1_204' title='bbox 1788 1973 1871 2026; x_wconf 81' lang='lat'>695</span> 
     </span>
     <span class='ocr_line' id='line_1_22' title="bbox 262 2040 1774 2086; baseline -0.002 -10"><span class='ocrx_word' id='word_1_205' title='bbox 262 2043 523 2083; x_wconf 71' lang='grc' dir='ltr'>(Ικαταβάλλειν</span> <span class='ocrx_word' id='word_1_206' title='bbox 555 2041 573 2086; x_wconf 86' lang='grc' dir='ltr'>ἢ</span> <span class='ocrx_word' id='word_1_207' title='bbox 607 2044 679 2078; x_wconf 83' lang='grc' dir='ltr'>τοῖς</span> <span class='ocrx_word' id='word_1_208' title='bbox 712 2043 824 2086; x_wconf 81' lang='grc' dir='ltr'>νόμοις</span> <span class='ocrx_word' id='word_1_209' title='bbox 857 2041 1059 2075; x_wconf 80' lang='grc' dir='ltr'>ὑποπίπτειν</span> <span class='ocrx_word' id='word_1_210' title='bbox 1091 2042 1163 2076; x_wconf 78' lang='grc' dir='ltr'>τοῖς</span> <span class='ocrx_word' id='word_1_211' title='bbox 1199 2044 1266 2074; x_wconf 84' lang='grc' dir='ltr'>τῶν</span> <span class='ocrx_word' id='word_1_212' title='bbox 1297 2041 1508 2086; x_wconf 87' lang='grc' dir='ltr'>ὀφειλόντων</span> <span class='ocrx_word' id='word_1_213' title='bbox 1539 2041 1581 2074; x_wconf 87' lang='grc' dir='ltr'>τὰ</span> <span class='ocrx_word' id='word_1_214' title='bbox 1613 2040 1774 2084; x_wconf 86' lang='grc' dir='ltr'>δημόσια,</span> 
     </span>
     <span class='ocr_line' id='line_1_23' title="bbox 262 2104 1777 2151; baseline -0.002 -11"><span class='ocrx_word' id='word_1_215' title='bbox 262 2107 317 2141; x_wconf 84' lang='grc' dir='ltr'>διὰ</span> <span class='ocrx_word' id='word_1_216' title='bbox 340 2108 453 2145; x_wconf 71' lang='grc' dir='ltr'>τοῦτο,</span> <span class='ocrx_word' id='word_1_217' title='bbox 476 2107 578 2151; x_wconf 79' lang='grc' dir='ltr'>φησὶ,</span> <span class='ocrx_word' id='word_1_218' title='bbox 600 2109 722 2140; x_wconf 86' lang='grc' dir='ltr'>τοῦτον</span> <span class='ocrx_word' id='word_1_219' title='bbox 745 2106 806 2139; x_wconf 84' lang='grc' dir='ltr'>τὸν</span> <span class='ocrx_word' id='word_1_220' title='bbox 830 2107 933 2149; x_wconf 90' lang='grc' dir='ltr'>νόμον</span> <span class='ocrx_word' id='word_1_221' title='bbox 957 2105 1164 2149; x_wconf 79' lang='grc' dir='ltr'>Τιμοκράτης</span> <span class='ocrx_word' id='word_1_222' title='bbox 1189 2105 1381 2148; x_wconf 84' lang='grc' dir='ltr'>βοηθοῦντα</span> <span class='ocrx_word' id='word_1_223' title='bbox 1406 2105 1543 2139; x_wconf 79' lang='grc' dir='ltr'>ἐκείνοις</span> <span class='ocrx_word' id='word_1_224' title='bbox 1568 2104 1721 2147; x_wconf 73' lang='grc' dir='ltr'>Γὲθηκεν.</span> <span class='ocrx_word' id='word_1_225' title='bbox 1758 2104 1777 2137; x_wconf 86' lang='grc' dir='ltr'>ὁ</span> 
     </span>
     <span class='ocr_line' id='line_1_24' title="bbox 262 2167 1805 2215; baseline -0.002 -11"><span class='ocrx_word' id='word_1_226' title='bbox 262 2171 376 2214; x_wconf 85' lang='grc' dir='ltr'>μέντοι</span> <span class='ocrx_word' id='word_1_227' title='bbox 405 2171 612 2215; x_wconf 81' lang='grc' dir='ltr'>Τιμοκράτης</span> <span class='ocrx_word' id='word_1_228' title='bbox 644 2170 842 2203; x_wconf 85' lang='grc' dir='ltr'>ἐκτετικέναι</span> <span class='ocrx_word' id='word_1_229' title='bbox 870 2168 958 2213; x_wconf 79' lang='grc' dir='ltr'>φησὶ</span> <span class='ocrx_word' id='word_1_230' title='bbox 988 2168 1029 2201; x_wconf 82' lang='grc' dir='ltr'>τὰ</span> <span class='ocrx_word' id='word_1_231' title='bbox 1056 2167 1212 2213; x_wconf 83' lang='grc' dir='ltr'>χρήματα</span> <span class='ocrx_word' id='word_1_232' title='bbox 1242 2168 1321 2203; x_wconf 80' lang='grc' dir='ltr'>τοὺς</span> <span class='ocrx_word' id='word_1_233' title='bbox 1350 2169 1427 2213; x_wconf 86' lang='grc' dir='ltr'>περὶ</span> <span class='ocrx_word' id='word_1_234' title='bbox 1456 2167 1693 2214; x_wconf 82' lang='grc' dir='ltr'>Ἀνδροτίωνα,</span> <span class='ocrx_word' id='word_1_235' title='bbox 1723 2167 1805 2206; x_wconf 79' lang='grc' dir='ltr'>καὶ5</span> 
     </span>
    </p>
   </div>
   <div class='ocr_carea' id='block_1_6' title="bbox 264 2230 1776 2277">
    <p class='ocr_par' dir='ltr' id='par_1_6' title="bbox 264 2230 1776 2277">
     <span class='ocr_line' id='line_1_25' title="bbox 264 2230 1776 2277; baseline -0.002 -9"><span class='ocrx_word' id='word_1_236' title='bbox 264 2235 368 2277; x_wconf 81' lang='grc' dir='ltr'>δῆλον</span> <span class='ocrx_word' id='word_1_237' title='bbox 388 2233 540 2268; x_wconf 72' lang='grc' dir='ltr'>ἐντεῦθεν</span> <span class='ocrx_word' id='word_1_238' title='bbox 560 2230 642 2267; x_wconf 75' lang='grc' dir='ltr'>εἶναι</span> <span class='ocrx_word' id='word_1_239' title='bbox 667 2233 709 2268; x_wconf 82' lang='grc' dir='ltr'>ὡς</span> <span class='ocrx_word' id='word_1_240' title='bbox 733 2233 793 2267; x_wconf 79' lang='grc' dir='ltr'>οὐκ</span> <span class='ocrx_word' id='word_1_241' title='bbox 817 2233 947 2267; x_wconf 82' lang='grc' dir='ltr'>ἐκείνων</span> <span class='ocrx_word' id='word_1_242' title='bbox 973 2231 1065 2266; x_wconf 83' lang='grc' dir='ltr'>ἕνεκα</span> <span class='ocrx_word' id='word_1_243' title='bbox 1091 2232 1150 2266; x_wconf 84' lang='grc' dir='ltr'>τὸν</span> <span class='ocrx_word' id='word_1_244' title='bbox 1175 2232 1277 2276; x_wconf 90' lang='grc' dir='ltr'>νόμον</span> <span class='ocrx_word' id='word_1_245' title='bbox 1302 2232 1480 2277; x_wconf 81' lang='grc' dir='ltr'>εἰσέφερεν</span> <span class='ocrx_word' id='word_1_246' title='bbox 1500 2231 1637 2267; x_wconf 66' lang='grc' dir='ltr'>Ξαῦτός.</span> <span class='ocrx_word' id='word_1_247' title='bbox 1675 2245 1776 2275; x_wconf 88' lang='grc' dir='ltr'>κατη-</span> 
     </span>
    </p>
   </div>
   <div class='ocr_carea' id='block_1_7' title="bbox 265 2372 1780 2744">
    <p class='ocr_par' dir='ltr' id='par_1_7' title="bbox 265 2372 1780 2744">
     <span class='ocr_line' id='line_1_26' title="bbox 320 2372 1779 2422; baseline -0.004 -10"><span class='ocrx_word' id='word_1_248' title='bbox 320 2384 339 2404; x_wconf 70' lang='lat' dir='ltr'>a</span> <span class='ocrx_word' id='word_1_249' title='bbox 357 2376 687 2422; x_wconf 78' lang='grc' dir='ltr'>ΤΙΜΟΚΡΑΤΟΥΣ]</span> <span class='ocrx_word' id='word_1_250' title='bbox 712 2377 913 2421; x_wconf 83' lang='grc' dir='ltr'>παρανόμων</span> <span class='ocrx_word' id='word_1_251' title='bbox 932 2376 1066 2410; x_wconf 81' lang='lat' dir='ltr'>addunt</span> <span class='ocrx_word' id='word_1_252' title='bbox 1087 2375 1168 2409; x_wconf 79' lang='lat' dir='ltr'>RS.</span> <span class='ocrx_word' id='word_1_253' title='bbox 1191 2375 1332 2420; x_wconf 82' lang='lat' dir='ltr'>aliique.</span> <span class='ocrx_word' id='word_1_254' title='bbox 1418 2372 1435 2396; x_wconf 77' lang='lat'>¹¹</span> <span class='ocrx_word' id='word_1_255' title='bbox 1455 2372 1656 2419; x_wconf 86' lang='grc' dir='ltr'>κατήγορος]</span> <span class='ocrx_word' id='word_1_256' title='bbox 1680 2372 1779 2416; x_wconf 82' lang='grc' dir='ltr'>κατή-</span> 
     </span>
     <span class='ocr_line' id='line_1_27' title="bbox 265 2427 1777 2478; baseline -0.003 -13"><span class='ocrx_word' id='word_1_257' title='bbox 265 2446 366 2478; x_wconf 82' lang='grc' dir='ltr'>γορος</span> <span class='ocrx_word' id='word_1_258' title='bbox 385 2432 605 2477; x_wconf 80' lang='grc' dir='ltr'>ἀνδροτίωνος</span> <span class='ocrx_word' id='word_1_259' title='bbox 625 2431 667 2464; x_wconf 86' lang='lat' dir='ltr'>Y.</span> <span class='ocrx_word' id='word_1_260' title='bbox 741 2434 754 2450; x_wconf 56' lang='grc' dir='ltr'><em>ς</em></span> <span class='ocrx_word' id='word_1_261' title='bbox 775 2430 810 2463; x_wconf 83' lang='grc' dir='ltr'>δέ</span> <span class='ocrx_word' id='word_1_262' title='bbox 830 2429 963 2463; x_wconf 81' lang='lat' dir='ltr'>addidit</span> <span class='ocrx_word' id='word_1_263' title='bbox 985 2430 1179 2463; x_wconf 77' lang='lat' dir='ltr'><strong>Bckkel&#39;us.</strong></span> <span class='ocrx_word' id='word_1_264' title='bbox 1246 2432 1261 2449; x_wconf 71' lang='lat'>¹¹</span> <span class='ocrx_word' id='word_1_265' title='bbox 1281 2428 1362 2474; x_wconf 87' lang='grc' dir='ltr'>τινι]</span> <span class='ocrx_word' id='word_1_266' title='bbox 1387 2441 1420 2460; x_wconf 90' lang='grc' dir='ltr'>τι</span> <span class='ocrx_word' id='word_1_267' title='bbox 1440 2427 1478 2460; x_wconf 85' lang='lat' dir='ltr'>F.</span> <span class='ocrx_word' id='word_1_268' title='bbox 1508 2441 1559 2462; x_wconf 82' lang='grc' dir='ltr'>τις</span> <span class='ocrx_word' id='word_1_269' title='bbox 1578 2439 1609 2461; x_wconf 77' lang='lat' dir='ltr'>V.</span> <span class='ocrx_word' id='word_1_270' title='bbox 1686 2431 1702 2450; x_wconf 74' lang='lat' dir='ltr'><strong>e</strong></span> <span class='ocrx_word' id='word_1_271' title='bbox 1722 2427 1777 2471; x_wconf 78' lang='grc' dir='ltr'>ἐξ·</span> 
     </span>
     <span class='ocr_line' id='line_1_28' title="bbox 266 2479 1780 2530; baseline -0.004 -11"><span class='ocrx_word' id='word_1_272' title='bbox 266 2484 365 2530; x_wconf 81' lang='grc' dir='ltr'>εἶναι]</span> <span class='ocrx_word' id='word_1_273' title='bbox 391 2482 472 2519; x_wconf 81' lang='grc' dir='ltr'>εἶναι</span> <span class='ocrx_word' id='word_1_274' title='bbox 494 2485 577 2518; x_wconf 69' lang='grc' dir='ltr'><strong>Ι”.Υ.</strong></span> <span class='ocrx_word' id='word_1_275' title='bbox 684 2480 700 2507; x_wconf 82' lang='lat' dir='ltr'><strong>f</strong></span> <span class='ocrx_word' id='word_1_276' title='bbox 715 2482 894 2527; x_wconf 75' lang='grc' dir='ltr'>ἀφεῖσθαι]</span> <span class='ocrx_word' id='word_1_277' title='bbox 918 2482 1134 2527; x_wconf 79' lang='grc' dir='ltr'>ἀφίστασθαι</span> <span class='ocrx_word' id='word_1_278' title='bbox 1154 2481 1195 2516; x_wconf 87' lang='lat' dir='ltr'>Y.</span> <span class='ocrx_word' id='word_1_279' title='bbox 1307 2486 1328 2514; x_wconf 71' lang='lat' dir='ltr'>g</span> <span class='ocrx_word' id='word_1_280' title='bbox 1348 2479 1554 2526; x_wconf 78' lang='grc' dir='ltr'>Γλαυκέτου]</span> <span class='ocrx_word' id='word_1_281' title='bbox 1581 2479 1780 2525; x_wconf 74' lang='lat' dir='ltr'>Legebsstur</span> 
     </span>
     <span class='ocr_line' id='line_1_29' title="bbox 267 2531 1777 2580; baseline -0.005 -8"><span class='ocrx_word' id='word_1_282' title='bbox 267 2539 444 2572; x_wconf 80' lang='grc' dir='ltr'>Γλαυκίου.</span> <span class='ocrx_word' id='word_1_283' title='bbox 494 2544 514 2555; x_wconf 88' lang='grc'><strong>“</strong></span> <span class='ocrx_word' id='word_1_284' title='bbox 533 2537 723 2571; x_wconf 78' lang='grc' dir='ltr'>Γλαυκέτου</span> <span class='ocrx_word' id='word_1_285' title='bbox 752 2536 882 2569; x_wconf 78' lang='lat' dir='ltr'>habeut</span> <span class='ocrx_word' id='word_1_286' title='bbox 912 2536 1040 2580; x_wconf 78' lang='lat' dir='ltr'>ubique</span> <span class='ocrx_word' id='word_1_287' title='bbox 1073 2535 1210 2569; x_wconf 75' lang='lat' dir='ltr'>codices</span> <span class='ocrx_word' id='word_1_288' title='bbox 1243 2533 1542 2580; x_wconf 79' lang='lat' dir='ltr'>praestanti01·es.”</span> <span class='ocrx_word' id='word_1_289' title='bbox 1569 2531 1777 2566; x_wconf 78' lang='lat' dir='ltr'>TAYLOR.</span> 
     </span>
     <span class='ocr_line' id='line_1_30' title="bbox 267 2583 1777 2638; baseline -0.002 -14"><span class='ocrx_word' id='word_1_290' title='bbox 267 2591 348 2624; x_wconf 75' lang='lat' dir='ltr'><strong>vid.</strong></span> <span class='ocrx_word' id='word_1_291' title='bbox 370 2604 403 2636; x_wconf 86' lang='lat' dir='ltr'>p.</span> <span class='ocrx_word' id='word_1_292' title='bbox 421 2600 508 2638; x_wconf 83' lang='lat'>703,</span> <span class='ocrx_word' id='word_1_293' title='bbox 524 2601 585 2625; x_wconf 86' lang='lat'>21.</span> <span class='ocrx_word' id='word_1_294' title='bbox 618 2590 724 2624; x_wconf 85' lang='lat' dir='ltr'><strong>Recte</strong></span> <span class='ocrx_word' id='word_1_295' title='bbox 745 2589 912 2634; x_wconf 66' lang='lat' dir='ltr'>scriptum</span> <span class='ocrx_word' id='word_1_296' title='bbox 933 2601 988 2634; x_wconf 77' lang='lat' dir='ltr'>ap.</span> <span class='ocrx_word' id='word_1_297' title='bbox 1006 2589 1135 2622; x_wconf 84' lang='lat' dir='ltr'>Joaun.</span> <span class='ocrx_word' id='word_1_298' title='bbox 1155 2588 1256 2622; x_wconf 85' lang='lat' dir='ltr'>Sicel.</span> <span class='ocrx_word' id='word_1_299' title='bbox 1277 2588 1313 2620; x_wconf 89' lang='lat' dir='ltr'>in</span> <span class='ocrx_word' id='word_1_300' title='bbox 1329 2586 1451 2620; x_wconf 82' lang='lat' dir='ltr'>Walzii</span> <span class='ocrx_word' id='word_1_301' title='bbox 1473 2587 1576 2620; x_wconf 83' lang='lat' dir='ltr'><strong>Rhet.</strong></span> <span class='ocrx_word' id='word_1_302' title='bbox 1596 2586 1664 2620; x_wconf 75' lang='lat' dir='ltr'>vol.</span> <span class='ocrx_word' id='word_1_303' title='bbox 1682 2583 1718 2619; x_wconf 93' lang='lat'>6.</span> <span class='ocrx_word' id='word_1_304' title='bbox 1739 2597 1777 2630; x_wconf 86' lang='lat' dir='ltr'>p.</span> 
     </span>
     <span class='ocr_line' id='line_1_31' title="bbox 268 2638 1778 2691; baseline -0.005 -12"><span class='ocrx_word' id='word_1_305' title='bbox 268 2643 359 2691; x_wconf 80' lang='lat'><em>367,</em></span> <span class='ocrx_word' id='word_1_306' title='bbox 382 2656 441 2680; x_wconf 78' lang='lat'>22.</span> <span class='ocrx_word' id='word_1_307' title='bbox 660 2640 680 2666; x_wconf 87' lang='lat' dir='ltr'>h</span> <span class='ocrx_word' id='word_1_308' title='bbox 703 2643 793 2687; x_wconf 79' lang='grc' dir='ltr'>φησὶ</span> <span class='ocrx_word' id='word_1_309' title='bbox 818 2643 883 2676; x_wconf 80' lang='lat' dir='ltr'>hoc.</span> <span class='ocrx_word' id='word_1_310' title='bbox 913 2643 989 2676; x_wconf 82' lang='lat' dir='ltr'>loco</span> <span class='ocrx_word' id='word_1_311' title='bbox 1018 2642 1054 2675; x_wconf 67' lang='lat'>1⁰.</span> <span class='ocrx_word' id='word_1_312' title='bbox 1087 2647 1166 2687; x_wconf 84' lang='lat' dir='ltr'>post</span> <span class='ocrx_word' id='word_1_313' title='bbox 1188 2641 1349 2676; x_wconf 81' lang='grc' dir='ltr'>πλέοντες</span> <span class='ocrx_word' id='word_1_314' title='bbox 1371 2640 1489 2685; x_wconf 75' lang='lat' dir='ltr'>vulgo,</span> <span class='ocrx_word' id='word_1_315' title='bbox 1511 2639 1570 2673; x_wconf 88' lang='lat' dir='ltr'>ubi</span> <span class='ocrx_word' id='word_1_316' title='bbox 1597 2651 1667 2673; x_wconf 87' lang='lat' dir='ltr'>om.</span> <span class='ocrx_word' id='word_1_317' title='bbox 1690 2638 1778 2672; x_wconf 89' lang='lat' dir='ltr'><strong>F.Y.</strong></span> 
     </span>
     <span class='ocr_line' id='line_1_32' title="bbox 268 2690 1777 2744; baseline -0.005 -12"><span class='ocrx_word' id='word_1_318' title='bbox 268 2705 277 2724; x_wconf 90' lang='lat'>¹</span> <span class='ocrx_word' id='word_1_319' title='bbox 299 2697 444 2744; x_wconf 71' lang='grc' dir='ltr'>τριήρει]</span> <span class='ocrx_word' id='word_1_320' title='bbox 468 2699 509 2740; x_wconf 79' lang='grc' dir='ltr'>τῇ</span> <span class='ocrx_word' id='word_1_321' title='bbox 528 2696 656 2742; x_wconf 86' lang='grc' dir='ltr'>τριήρει</span> <span class='ocrx_word' id='word_1_322' title='bbox 676 2696 715 2730; x_wconf 85' lang='lat' dir='ltr'>F.</span> <span class='ocrx_word' id='word_1_323' title='bbox 833 2692 852 2718; x_wconf 75' lang='lat' dir='ltr'><strong>k</strong></span> <span class='ocrx_word' id='word_1_324' title='bbox 872 2694 1067 2741; x_wconf 72' lang='grc' dir='ltr'>Ἀρχέβιος]</span> <span class='ocrx_word' id='word_1_325' title='bbox 1091 2694 1247 2740; x_wconf 81' lang='grc' dir='ltr'>ἀρχίβιος</span> <span class='ocrx_word' id='word_1_326' title='bbox 1266 2693 1307 2727; x_wconf 85' lang='lat' dir='ltr'>Y.</span> <span class='ocrx_word' id='word_1_327' title='bbox 1417 2690 1426 2717; x_wconf 83' lang='lat' dir='ltr'>l</span> <span class='ocrx_word' id='word_1_328' title='bbox 1445 2691 1660 2738; x_wconf 85' lang='grc' dir='ltr'>τριήραρχοι]</span> <span class='ocrx_word' id='word_1_329' title='bbox 1685 2705 1777 2736; x_wconf 88' lang='grc' dir='ltr'>τριη-</span> 
     </span>
    </p>
   </div>
   <div class='ocr_carea' id='block_1_8' title="bbox 267 2761 1779 2982">
    <p class='ocr_par' dir='ltr' id='par_1_8' title="bbox 267 2761 1779 2982">
     <span class='ocr_line' id='line_1_33' title="bbox 360 2761 1001 2779; baseline 0.002 -1"><span class='ocrx_word' id='word_1_330' title='bbox 360 2761 387 2778; x_wconf 73' lang='grc' dir='ltr'>Οί</span> <span class='ocrx_word' id='word_1_331' title='bbox 981 2775 983 2777; x_wconf 98' lang='grc'><strong>.</strong></span> <span class='ocrx_word' id='word_1_332' title='bbox 996 2774 1001 2779; x_wconf 82' lang='grc'><strong>.</strong></span> 
     </span>
     <span class='ocr_line' id='line_1_34' title="bbox 267 2768 1776 2821; baseline -0.005 -12"><span class='ocrx_word' id='word_1_333' title='bbox 267 2791 390 2821; x_wconf 82' lang='grc' dir='ltr'>ραρχαι</span> <span class='ocrx_word' id='word_1_334' title='bbox 412 2777 450 2811; x_wconf 87' lang='lat' dir='ltr'>F.</span> <span class='ocrx_word' id='word_1_335' title='bbox 480 2776 679 2821; x_wconf 72' lang='grc' dir='ltr'>τριηριὶρχαι</span> <span class='ocrx_word' id='word_1_336' title='bbox 699 2774 740 2807; x_wconf 83' lang='lat' dir='ltr'>Y.</span> <span class='ocrx_word' id='word_1_337' title='bbox 762 2780 796 2808; x_wconf 83' lang='lat' dir='ltr'>ct</span> <span class='ocrx_word' id='word_1_338' title='bbox 817 2774 944 2808; x_wconf 82' lang='lat' dir='ltr'>Joann.</span> <span class='ocrx_word' id='word_1_339' title='bbox 969 2773 1070 2807; x_wconf 71' lang='lat' dir='ltr'>Slccl.</span> <span class='ocrx_word' id='word_1_340' title='bbox 1167 2778 1194 2794; x_wconf 86' lang='lat'>¹¹¹</span> <span class='ocrx_word' id='word_1_341' title='bbox 1216 2772 1269 2818; x_wconf 82' lang='grc' dir='ltr'>ἧς]</span> <span class='ocrx_word' id='word_1_342' title='bbox 1293 2768 1314 2815; x_wconf 82' lang='grc' dir='ltr'><em>ᾗ</em></span> <span class='ocrx_word' id='word_1_343' title='bbox 1333 2785 1365 2806; x_wconf 86' lang='lat' dir='ltr'>v.</span> <span class='ocrx_word' id='word_1_344' title='bbox 1453 2777 1472 2796; x_wconf 81' lang='lat'>¹¹</span> <span class='ocrx_word' id='word_1_345' title='bbox 1493 2768 1776 2815; x_wconf 81' lang='grc' dir='ltr'>εἶσεπράττοντο]</span> 
     </span>
     <span class='ocr_line' id='line_1_35' title="bbox 268 2823 1779 2875; baseline -0.004 -13"><span class='ocrx_word' id='word_1_346' title='bbox 268 2830 491 2875; x_wconf 78' lang='grc' dir='ltr'>εἰσέπραττον</span> <span class='ocrx_word' id='word_1_347' title='bbox 509 2830 550 2863; x_wconf 85' lang='grc' dir='ltr'>Υ.</span> <span class='ocrx_word' id='word_1_348' title='bbox 625 2834 643 2852; x_wconf 94' lang='lat' dir='ltr'>o</span> <span class='ocrx_word' id='word_1_349' title='bbox 664 2829 716 2861; x_wconf 79' lang='grc' dir='ltr'>καὶ</span> <span class='ocrx_word' id='word_1_350' title='bbox 736 2839 804 2861; x_wconf 86' lang='lat' dir='ltr'>om.</span> <span class='ocrx_word' id='word_1_351' title='bbox 822 2827 950 2861; x_wconf 84' lang='lat' dir='ltr'>Joann.</span> <span class='ocrx_word' id='word_1_352' title='bbox 969 2827 1071 2861; x_wconf 77' lang='lat' dir='ltr'><strong>Sicel.</strong></span> <span class='ocrx_word' id='word_1_353' title='bbox 1089 2839 1123 2871; x_wconf 88' lang='lat' dir='ltr'>p.</span> <span class='ocrx_word' id='word_1_354' title='bbox 1138 2824 1229 2870; x_wconf 85' lang='lat'><strong>368.</strong></span> <span class='ocrx_word' id='word_1_355' title='bbox 1301 2831 1320 2859; x_wconf 80' lang='lat' dir='ltr'>P</span> <span class='ocrx_word' id='word_1_356' title='bbox 1339 2827 1405 2859; x_wconf 81' lang='grc' dir='ltr'>πᾶν</span> <span class='ocrx_word' id='word_1_357' title='bbox 1423 2823 1553 2870; x_wconf 80' lang='grc' dir='ltr'>χρῆμα]</span> <span class='ocrx_word' id='word_1_358' title='bbox 1575 2823 1779 2869; x_wconf 83' lang='grc' dir='ltr'>παραχρῆμα</span> 
     </span>
     <span class='ocr_line' id='line_1_36' title="bbox 268 2876 1778 2923; baseline -0.005 -7"><span class='ocrx_word' id='word_1_359' title='bbox 268 2882 397 2918; x_wconf 78' lang='lat' dir='ltr'>Jonnn.</span> <span class='ocrx_word' id='word_1_360' title='bbox 422 2883 523 2917; x_wconf 84' lang='lat' dir='ltr'>Sicel.</span> <span class='ocrx_word' id='word_1_361' title='bbox 655 2889 672 2916; x_wconf 75' lang='lat'>‘1</span> <span class='ocrx_word' id='word_1_362' title='bbox 694 2882 920 2921; x_wconf 72' lang='grc' dir='ltr'>καταβάλλειν</span> <span class='ocrx_word' id='word_1_363' title='bbox 940 2880 981 2914; x_wconf 84' lang='lat' dir='ltr'>Y.</span> <span class='ocrx_word' id='word_1_364' title='bbox 1003 2886 1037 2914; x_wconf 79' lang='lat' dir='ltr'>ct</span> <span class='ocrx_word' id='word_1_365' title='bbox 1058 2880 1185 2913; x_wconf 77' lang='lat' dir='ltr'>Joann.</span> <span class='ocrx_word' id='word_1_366' title='bbox 1208 2879 1310 2913; x_wconf 82' lang='lat' dir='ltr'>Sicel.</span> <span class='ocrx_word' id='word_1_367' title='bbox 1344 2878 1543 2923; x_wconf 80' lang='lat' dir='ltr'>Legebatur</span> <span class='ocrx_word' id='word_1_368' title='bbox 1562 2876 1778 2918; x_wconf 80' lang='grc' dir='ltr'>καταβαλεῖν.</span> 
     </span>
     <span class='ocr_line' id='line_1_37' title="bbox 269 2930 1553 2982; baseline -0.005 -12"><span class='ocrx_word' id='word_1_369' title='bbox 269 2942 283 2961; x_wconf 80' lang='grc'>1·</span> <span class='ocrx_word' id='word_1_370' title='bbox 303 2936 434 2982; x_wconf 78' lang='grc' dir='ltr'>ἔθηκεν]</span> <span class='ocrx_word' id='word_1_371' title='bbox 459 2936 605 2970; x_wconf 79' lang='grc' dir='ltr'>τέθεικεν</span> <span class='ocrx_word' id='word_1_372' title='bbox 625 2935 756 2969; x_wconf 67' lang='lat' dir='ltr'>Joanm</span> <span class='ocrx_word' id='word_1_373' title='bbox 775 2933 876 2968; x_wconf 62' lang='grc' dir='ltr'>δὶα-1.</span> <span class='ocrx_word' id='word_1_374' title='bbox 987 2940 1001 2959; x_wconf 81' lang='lat' dir='ltr'>S</span> <span class='ocrx_word' id='word_1_375' title='bbox 1022 2933 1121 2968; x_wconf 78' lang='grc' dir='ltr'>αὐτός</span> <span class='ocrx_word' id='word_1_376' title='bbox 1142 2932 1302 2967; x_wconf 84' lang='lat' dir='ltr'>Wolfius.</span> <span class='ocrx_word' id='word_1_377' title='bbox 1332 2932 1446 2967; x_wconf 80' lang='grc' dir='ltr'>αὐτοῖς</span> <span class='ocrx_word' id='word_1_378' title='bbox 1464 2930 1553 2965; x_wconf 82' lang='lat' dir='ltr'><strong>libri.</strong></span> 
     </span>
    </p>
   </div>
  </div>
 </body>
</html>
