1954 3273
85 147 240 201 —650‚
259 161 312 186 24.
627 148 767 186 ΚΑΤΑ
802 146 1258 186 ΑΡΙΣΤΟΚΡΑΤΟὙΣ.
1646 139 1725 181 681

209 265 398 309 κλεισεν
443 258 558 310 ἴδιον
606 264 804 325 πρᾶγμα
848 258 1146 326 ψηφίσματι,
1192 262 1359 307 τοῦτον
1403 256 1453 305 τί
1492 275 1561 307 τις
1602 255 1728 305 ἄλλο

206 349 354 395 ποιεῖν
400 343 544 412 φήσει
595 343 725 407 πλὴν
771 342 1009 410 ψήφισμα
1055 340 1199 404 νόμου
1244 339 1522 406 κυριώτερον
1566 338 1728 407 ἀξιοῦν

207 425 321 478 εἶναι
345 450 355 489 ;

116 528 194 570 105
284 510 526 575 Βούλομαι
563 511 718 561 τοίνυν
749 511 895 572 ιι’ὑμῖν
930 510 1006 559 καὶ
1040 507 1088 559 ἓν
1120 508 1149 573 ἢ
1186 508 1267 559 δύο
1292 508 1592 576 ψηφίσματα
1629 508 1719 557 δεῖ·
1741 518 1824 570 650

207 595 286 664 ξαι
311 599 404 645 τῶν
429 594 766 661 γεγραμμένων
791 598 886 647 τοῖς
913 596 975 646 ὡς
1001 595 1191 656 ἀληθῶς
1225 592 1483 658 εὐεργέταις
1515 593 1597 653 τῆς
1631 589 1721 641 πό·-

204 686 337 740 λεως,
376 678 430 728 ἵν’
460 681 606 742 εἰδῆτε
643 677 713 728 ὅτι
747 675 909 746 ῥᾴδιόν
942 678 1045 726 ἐστι
1084 675 1285 743 γράφειν
1318 674 1377 726 τὰ
1411 675 1577 736 δίκαια,
1613 673 1725 725 ὅταν

204 762 345 812 αὐτοῦ
382 785 451 815 τις
485 762 618 812 ἕνεκα
656 760 823 812 τούτου
849 760 1029 829 γράφῃ,
1055 766 1138 811 τοῦ
1174 761 1375 824 τιμῆσαί
1404 782 1509 810 τινα
1535 761 1610 809 καὶ
1636 782 1719 822 με·-

202 849 422 897 ταδοῦναι
462 851 556 897 τῶν
593 847 734 910 “ἡμῖν
775 845 1096 913 ὑπαρχόντων,
1131 849 1206 896 καὶ
1247 843 1311 910 μὴ
1348 844 1425 896 διὰ
1461 850 1543 895 τοῦ
1575 849 1754 897 ταῦτα5

497 937 517 945 Α

202 935 352 982 δοκεῖν
391 955 539 983 ποιειν
583 931 842 996 οβούληται
888 936 1162 997 κακουργεῖν
1204 934 1279 981 καὶ
1319 929 1718 996 παρακρούεσθαι.

201 1015 310 1081 λέγε
349 1014 407 1066 τὰ
433 1017 731 1084 ψηφίσματα
766 1016 912 1066 ταυτί.
958 1017 1072 1066 ἀλλ’
1101 1015 1176 1065 ἵνα
1213 1013 1276 1078 μὴ
1308 1012 1490 1080 μακρὸν
1516 1012 1723 1064 Ράκούειν

201 1101 308 1162 ὑμῖν
346 1098 390 1167 ᾗ,
430 1100 487 1169 ἐξ
520 1100 722 1152 ἑκάστου
761 1105 855 1152 τῶν
898 1098 1234 1169 ψηφισμάτων
1274 1096 1386 1149 αὐτὸ
1425 1103 1563 1148 τοῦτο
1599 1098 1716 1166 ἐξεί-

200 1190 375 1246 λεκται,
403 1187 507 1250 περὶ
534 1184 588 1235 οὗ
613 1184 780 1235 τούτου
807 1206 1070 1249 κατηγορω.
1119 1183 1272 1247 (Ῑλέγε.
1739 1208 1777 1229 10

764 1283 1158 1324 Ῑ’ΨΗΦΙΣΝῙΑΊἈ.

109 1360 189 1400 106
272 1355 441 1420 ‘Opcw’
464 1355 535 1405 ὅτι
559 1354 744 1417 πάντες,
772 1353 828 1405 ςὦ
854 1355 1040 1422 ἵᾶνδρες
1058 1356 1315 1419 Ἀθηναῖοι,
1335 1352 1418 1404 τὸν
1438 1354 1579 1404 αὑτὸν
1605 1352 1714 1419 τρό-

198 1461 290 1489 πον
315 1438 634 1505 γεγράφασιν.
678 1439 817 1502 ἕστω,
845 1442 1011 1507 φησὶν,
1038 1438 1152 1505 ὑπὲρ
1184 1440 1325 1489 αὐτοῦ
1358 1439 1386 1501 ἡ
1419 1437 1535 1501 αὑτὴ
1569 1460 1714 1499 τιμω-

196 1523 289 1589 ρία,
316 1521 525 1589 καθάπερ
547 1521 603 1573 ἂν
622 1523 704 1574 τὸν
730 1528 983 1588 Ἀθηναῖον
1006 1524 1270 1591 ἀποκτείνῃ,
1292 1522 1475 1588 κυρίους
1494 1520 1580 1584 μὲν
1599 1524 1714 1572 ε’ὧν-
1735 1544 1770 1574 15

197 1629 271 1659 τες
300 1605 406 1659 τοὺς
431 1609 537 1673 περὶ
562 1606 740 1658 τούτων
766 1608 1063 1675 ὑπάρχοντας
1096 1609 1201 1669 ὑμῖν
1236 1606 1417 1670 νόμους,
1445 1604 1648 1669 σεμνοὺς
1675 1610 1717 1657 δ’

199 1691 553 1757 ἀποφαίνοντες,
576 1692 622 1741 οἵ
643 1714 696 1756 γε
723 1693 772 1741 ἐν
794 1696 966 1757 δωρεᾶς
994 1691 1279 1756 ἐποιήσαντο
1306 1691 1437 1760 τάξει
1462 1690 1516 1741 τὸ
1537 1690 1719 1741 τούτων

107 1772 182 1830 107
198 1776 518 1834 “μεταδοῦναι.
563 1776 677 1824 ἀλλ’
718 1775 801 1824 οὐκ
838 1773 1228 1841 Ἀριστοκράτης,
1261 1773 1393 1824 ἀλλὰ
1429 1780 1711 1840 Χπροπηλα-

195 1855 304 1922 κίζει
334 1857 419 1918 μὲν
454 1859 554 1909 καθ’
590 1858 734 1909 Ῡὸσον
773 1858 996 1909 Ζδύναται
1035 1859 1226 1911 τούτους
1263 1861 1346 1923 (ὡς
1382 1864 1497 1923 γοῦν
1532 1856 1715 1910 οὐδενὸς
1730 1883 1770 1904 20

195 1939 371 1990 agvroev
417 1941 563 2009 ἀξίων
605 1941 720 1992 ἴδιόν
763 1965 807 1993 τι
845 1941 1045 2011 γράφειν
1091 1944 1401 2010 ἐπεχείρησε),
1452 1940 1622 2008 μικρὰν
1673 1937 1717 1992 δ’

965 2026 978 2042 Χ

193 2024 444 2092 ἀποφαίνει
483 2026 695 2089 κάκείνην
721 2025 806 2089 τὴν
833 2029 1025 2092 δωρεάν,
1057 2024 1113 2093 bf]
1146 2033 1162 2052 ‘³

1207 2025 1219 2040 Χ
1464 2027 1475 2044 Ι
1667 2026 1681 2042 Ι

1169 2049 1255 2090 την
1286 2035 1529 2077 πολιτειαν
1565 2029 1709 2077 δεδω-

193 2129 303 2158 κατε
342 2112 409 2177 τῷ
443 2108 720 2178 Χαριδήμῳ.
764 2108 814 2163 ὃς
851 2108 959 2176 γὰρ,
997 2112 1059 2163 ὡς
1092 2109 1386 2175 ἀγαπώντων
1420 2111 1545 2160 τοῦθ’
1584 2112 1713 2174 ὑμῶν

196 2192 270 2241 καὶ
297 2191 722 2261 προσοφειλόντων
747 2192 885 2260 χάριν
911 2195 1050 2263 αὐτῷ,
1077 2194 1290 2262 γέγραφε
1326 2197 1402 2244 καὶ
1428 2191 1575 2261 ὀπρὸς
1614 2199 1707 2263 φυ-

246 2369 278 2388 m
299 2364 376 2408 ὑμῖν
395 2376 466 2399 om.
487 2377 520 2399 v.
643 2372 662 2391 ¹¹
684 2364 778 2411 ἡμῖν]
798 2365 876 2409 ὑμῖν
893 2367 1046 2402 A.F.r.s.
1160 2373 1178 2392 ⁰
1203 2367 1388 2414 βοῦληται]
1413 2366 1605 2409 βοῦλεσθαι
1625 2369 1709 2403 A.k.

192 2428 255 2451 r.v.
276 2417 469 2464 deletisque
488 2420 594 2452 ταῦτα
613 2419 723 2452 δοκεῖν
741 2420 850 2452 ποιεῖν
869 2431 896 2453 S.
1006 2426 1026 2453 P
1053 2419 1185 2455 ἀκούειν
1205 2421 1298 2468 ὑμῖν]
1318 2422 1396 2465 ὑμῖν
1415 2421 1546 2456 ἀκούειν
1566 2423 1709 2457 A.k.r.s.

192 2475 213 2503 q
239 2471 338 2516 λέγε]
371 2473 451 2516 λέγε
478 2472 513 2505 ἐκ
541 2475 609 2505 τῶν
627 2471 868 2517 ψηφισμάτων
886 2474 990 2508 Am.
1038 2474 1085 2508 Et
1105 2475 1154 2508 sic
1177 2475 1295 2521 vulgo,
1315 2475 1600 2522 interpunctione
1628 2482 1710 2521 post

191 2523 272 2568 λέγε
292 2524 417 2569 posita,
437 2524 620 2570 verbisque
641 2525 675 2558 ἐκ
694 2538 725 2559 τ.
746 2525 790 2569 ψ.
811 2537 875 2570 pro
894 2527 1059 2561 lemmate
1079 2528 1242 2574 acceptis.
1398 2535 1413 2554 ¹*
1440 2534 1709 2563 ΨΗΦΙΣΜΑΤΑ

191 2576 309 2610 addidi
329 2589 375 2611 ex
393 2577 571 2612 A.S.Y.O.
602 2577 774 2623 ψήφισμα
793 2584 847 2612 est
866 2579 903 2612 in
923 2579 962 2613 F.
1085 2586 1099 2605 s
1119 2578 1146 2615 <3
1164 2593 1234 2616 om.
1259 2582 1295 2617 S.
1404 2581 1419 2607 t
1438 2582 1556 2627 ἄνδρες
1574 2594 1643 2616 om.
1664 2582 1706 2615 A.

191 2641 255 2664 ΞΝ.
367 2634 383 2650 ¹¹
403 2630 621 2676 μεταδοῦναι]
645 2631 847 2674 μεταδοῦναί
864 2646 930 2666 τινι
948 2633 1098 2668 A.O.k.r
1115 2646 1177 2668 s.v.
1286 2641 1307 2659 X
1337 2635 1596 2681 προπηλακίζει]
1620 2649 1705 2680 προ-

190 2680 384 2725 πηλακίζειν
403 2695 432 2718 S.
575 2689 591 2713 Y
612 2683 714 2729 ὅσον]
739 2683 776 2718 ὃν
794 2685 865 2719 k.v.
1003 2692 1022 2711 Ζ
1042 2686 1195 2733 δύναται]
1219 2686 1356 2722 δύναται
1375 2690 1504 2733 τρόπον
1522 2689 1702 2722 A.k.r.S.V.

191 2739 211 2759 a
236 2733 342 2769 ὅντων
360 2736 463 2780 ἀξίων
481 2737 584 2771 A.r.s.
625 2737 825 2782 Legebatur
843 2737 946 2782 ἀξίων
971 2738 1088 2775 ὄντων.
1131 2733 1238 2775 ὄντων
1257 2753 1326 2776 om.
1350 2742 1384 2776 S.
1424 2741 1527 2785 ἀξίων
1550 2740 1647 2776 ὄντος
1665 2742 1702 2776 k.

191 2783 211 2812 b
230 2783 268 2834 ᾗ]
292 2789 328 2822 ἐν
345 2785 367 2832 ᾗ
386 2789 659 2824 A.Y.O.k.r.S.V.
680 2796 716 2824 et
733 2804 790 2836 γρ.
812 2791 851 2825 F.
962 2798 978 2818 ⁰
997 2794 1058 2837 τὴν
1076 2794 1268 2841 πολιτείαν]
1293 2796 1354 2838 τῆς
1372 2794 1545 2829 πολιτείας
1559 2794 1650 2830 Y.O.
1670 2799 1704 2828 et

189 2854 247 2886 γρ.
270 2841 308 2875 F.
397 2839 416 2867 d
435 2844 520 2889 πρὸς
540 2843 744 2889 φυλάττειν]
768 2844 990 2880 scribebatur
1010 2849 1304 2892 προσφυλάττειν.
1333 2849 1431 2893 πρὸς,
1455 2847 1642 2892 φυλάττειν
1662 2848 1702 2882 F.

189 2893 333 2939 προσέτι
353 2897 539 2939 φυλάττειν
558 2897 737 2932 A.k.r.S.V.

888 2963 917 2989 D
937 2949 962 2989 d
988 2963 1008 2990 2
