1954 3273
41 180 197 225 —749‚
215 188 246 211 4.
636 175 777 212 ΚΑΤΑ
809 175 1212 213 ΤΙΜΟΚΡΑΤΟΎΣ.
1601 174 1677 214 ’781

164 284 396 345 δικασταὶ,
436 288 472 333 εἰ
517 284 651 338 οὗτος
695 286 871 351 χαίρων
909 284 1181 353 ἀπαλλάξει
1224 286 1248 334 ὁ
1293 289 1502 335 τοιοῦτον
1542 284 1714 347 νόμονε,

164 368 340 427 meeis,
369 366 523 431 ἕτερον
550 369 754 433 φανῆναι
780 366 905 416 ἄλλο
931 389 975 417 τι
1000 372 1093 416 τῶν
1115 369 1196 429 τῆς
1221 365 1406 420 πόλεως
1433 367 1685 433 ἰσχυροτά-

165 472 259 499 των
295 449 622 499 Ζκαταλύοντα
663 447 789 517 νόμῳ
829 453 1004 516 καινῷς
1055 448 1146 513 ἐγὼ
1184 448 1268 510 μὲν
1300 449 1392 514 γὰρ
1419 447 1545 511 οἶμαι
1573 449 1680 497 ²¹0&-

78 547 153 590 175
168 533 259 582 δέν.
315 533 466 583 ἀκούω
499 534 535 582 δ’
565 533 712 597 ἔγωγε
749 535 823 582 καὶ
859 531 912 582 τὸ
947 532 1176 597 πρότερον
1212 533 1332 581 οὕτω
1366 534 1686 594 καταλυθῆναι

1441 614 1458 640 b
1474 622 1681 665 καταλυ-

166 615 253 679 τὴν
289 617 616 682 δημοκρατίαν,
651 615 939 682 παρανόμων
976 620 1165 681 πρῶτον
1203 619 1404 682 γραφῶν

167 704 341 751 θεισῶν
366 702 441 750 καὶ
467 704 561 750 τῶν
587 700 901 764 δικαστηρίων
927 698 1111 765 ἀκύρων
1135 699 1411 764 γενομένων.
1460 699 1576 751 ἴσως
1602 697 1687 762 μὲν
1705 725 1741 745 ιο

166 784 248 834 οὖν
275 783 331 832 ὀίν
361 806 429 835 τις
463 781 698 842 ὑπολάβοι
735 782 805 832 ὅτι
840 783 927 849 οὐχ
960 783 1131 843 ὁμοίων
1164 781 1312 832 ὄντων
1339 787 1432 832 τῶν
1458 782 1681 847 πραγμά-

166 889 260 916 των
288 872 369 916 νῦν
395 868 470 916 καὶ
495 865 600 916 τότε
627 865 753 931 λε’γω
783 868 887 931 περὶ
918 865 1224 919 καταλύσεως
1250 873 1332 915 τοῦ
1360 864 1526 929 δήμου.
1577 867 1685 915 ἀλλ’

167 948 270 999 οὐδὲ
304 949 497 1015 σπέρμα
533 951 605 999 δεῖ
640 949 962 1010 καταβάλλειν
998 951 1045 999 ε’ν
1080 953 1137 1016 τῇ
1168 949 1305 999 πόλει
1334 948 1508 1009 οὐδένα,
1536 947 1572 998 ὦ
1599 948 1684 998 ἄν·

167 1035 271 1098 δρες
311 1035 541 1094 δικασταὶ,
581 1031 804 1083 τοιούτων
847 1031 1155 1098 πραγμάτων,
1194 1033 1290 1082 οὐδ’
1331 1037 1368 1082 εἰ
1412 1031 1477 1095 μή
1516 1055 1591 1082 πω
1630 1031 1738 1087 ἂνιε

166 1117 343 1185 ἐκφύοι,
389 1116 518 1166 ἀλλὰ
563 1118 669 1166 οκαι
713 1115 795 1166 τὸν
840 1117 1138 1183 ἐγχειροῦντα
1183 1117 1338 1180 λεγειν
1380 1114 1409 1179 ἢ
1454 1121 1602 1166 ποιεῖν
1644 1138 1689 1164 τι

169 1198 414 1250 drocovrov
441 1201 572 1263 δικην
598 1200 789 1250 διδόναι.

80 1295 157 1343 176
236 1282 351 1334 ‘'O‘n
391 1283 547 1334 τοίνυν
585 1286 661 1333 καὶ
698 1283 839 1351 τέχνῃ
879 1288 1032 1337 κακῶς
1070 1284 1331 1350 ἐνεχείρησε
1374 1288 1520 1334 ποιεῖν
1559 1284 1689 1346 ὑμᾶς,

169 1365 304 1433 ἄξιόν
349 1367 480 1415 ἐστιν
525 1367 741 1416 ἀκοῦσαι.
811 1369 932 1432 ὁρῶν
977 1365 1070 1431 γὰρ
1112 1366 1336 1416 ἑκάστοτε
1379 1364 1572 1427 πάντας,
1615 1367 1691 1414 καὶ

169 1449 277 1502 τοὺς
312 1449 699 1511 πολιτευομένους
734 1451 809 1500 καὶ
841 1449 955 1510 ,τοὺς
990 1450 1187 1511 ἰδιώτας,
1218 1448 1326 1502 τοὺς
1363 1449 1530 1511 νόμους
1565 1452 1692 1497 Ετῶν

169 1531 278 1596 ῑτῆς
327 1535 513 1585 πόλεως
557 1535 749 1598 ἀγαθῶν
794 1535 965 1588 αἰτίους
1017 1533 1457 1596 ὑπολαμβάνοντας,
1503 1531 1691 1583 ἐσκόπει
1703 1553 1745 1575 20

169 1622 270 1671 πῶς
316 1617 458 1680 λήσει
507 1617 699 1670 τούτους
744 1617 1034 1680 καταλύσας,
1080 1620 1165 1668 κᾶν
1211 1618 1302 1684 ἄρα
1345 1622 1512 1686 ληφθῇ
1555 1623 1693 1669 τοῦτο

171 1705 331 1761 ποιῶν,
372 1699 436 1764 μὴ
475 1701 637 1768 ἕδοξει
676 1701 824 1752 δεινὸν
869 1705 978 1766 μηδ’
1018 1702 1199 1756 ἀναιδες
1240 1701 1384 1798 μηδεν
1423 1700 1690 1767 εἷργασθαι

82 1804 157 1846 177
175 1785 303 1851 εὗρεν
338 1785 419 1834 οὖν
453 1807 591 1834 τουτο
628 1783 652 1834 ὸ
686 1787 923 1849 πεποίηκε,
953 1785 1079 1853 νόμῳ
1115 1808 1222 1839 τους
1257 1785 1424 1849 νόμους
1451 1784 1687 1836 ὴκαταλῦ-

173 1891 271 1930 σαι,
313 1891 386 1918 ινα
429 1867 700 1931 τάδικήματ’
741 1870 883 1919 αὑτοῦ
926 1868 980 1919 τὸ
1019 1871 1101 1930 τῆς
1141 1870 1378 1934 σωτηρίας
1422 1868 1546 1931 ὄνομ’
1588 1868 1687 1936 ε’χῃ.
1705 1891 1748 1922 25

173 1952 220 2002 οἵ
254 1974 303 2001 τε
341 1950 435 2016 γὰρ
470 1950 726 2017 ἰσώζοντες
762 1951 848 2015 τὴν
885 1951 1029 2003 πόλιν
1067 1954 1158 2002 εἰσὶ
1197 1952 1344 2014 νόμοι,
1383 1953 1436 2003 ὅν
1473 1976 1522 2003 τε
1561 1953 1696 2006 οὗτος

174 2035 337 2099 ε”θηκεν
363 2033 494 2085 οὐδὲν
520 2035 704 2088 ἐκείνοις
733 2034 855 2085 ι(τῶν
887 2037 1039 2085 αὐτῶν
1070 2036 1251 2102 ἔχοντα,
1281 2035 1434 2099 νόμος.
1490 2035 1576 2100 τὴν
1610 2036 1699 2099 μὲν

176 2119 257 2169 οὖν
291 2124 373 2169 τοῦ
408 2117 637 2181 ὀνόματος
671 2120 1046 2187 φιλανθρωπίαν,
1075 2119 1143 2169 ὅτι
1179 2119 1352 2183 ταύτην
1378 2119 1455 2183 1δὴ
1479 2118 1696 2181 μάλιστα

177 2202 489 2268 Ῑῃπροσίεσθε,
517 2206 707 2253 κατεῖδε·
749 2202 833 2266 τὴν
869 2202 917 2253 δὲ
951 2204 1124 2270 χρείαν,
1152 2204 1222 2254 ὅτι
1257 2205 1480 2254 τάναντία
1518 2203 1695 2270 ε”χουσα
1710 2224 1792 2267 749

86 2299 164 2351 178
179 2288 456 2354 φανήσεται,
492 2290 696 2353 παρεῖδε.
757 2288 868 2355 φέρε
907 2287 1001 2353 γὰρ
1039 2286 1158 2354 πρὸς
1194 2287 1341 2351 Διὸς,κ
1363 2287 1493 2338 ἔστιν
1528 2286 1698 2339 “ὅστις

177 2369 234 2420 ἂν
259 2369 288 2433 ἢ
314 2368 541 2435 πρόεδρός
567 2371 669 2420 ποτ’
697 2369 999 2438 ἐπεψήφισεν
1025 2367 1053 2432 ὴ
1080 2369 1304 2434 πρύτανις
1330 2369 1510 2419 τούτων
1535 2391 1578 2418 τι
1604 2373 1698 2418 τῶν

177 2454 226 2503 ἐν
263 2457 330 2521 τῷ
369 2451 496 2521 νόμῳ
535 2453 905 2518 γεγραμμένων;
957 2451 1049 2517 ἐγὼ
1087 2452 1171 2513 μὲν
1206 2453 1386 2503 θούδέν’
1424 2451 1516 2502 Ρᾶν
1551 2451 1691 2514 οἶμαι.

235 2605 253 2632 Υ
272 2599 376 2633 τιθεὶς
396 2598 431 2631 S.
464 2597 663 2643 Legebatur
683 2597 763 2632 θείς.
855 2603 871 2621 2
893 2596 1119 2643 καταλύοντα]
1147 2596 1384 2631 καταλύσοντα
1405 2596 1568 2631 F.Y.O.r.
1598 2610 1697 2629 kara<

181 2650 336 2685 λύσαντα
357 2651 470 2684 A.k.s.
547 2656 565 2675 a
585 2650 698 2695 οὐδέν]
723 2651 842 2683 οὐδένα
863 2651 975 2684 A.k.s.
1056 2647 1075 2674 b
1096 2650 1367 2696 καταλυθεισῶν]
1391 2650 1562 2683 λυθεισῶν
1582 2649 1617 2681 k.
1647 2649 1701 2681 καὶ

181 2705 352 2738 λυθεισῶν
371 2716 397 2737 S.
507 2709 523 2728 C
544 2704 597 2736 καὶ
616 2715 685 2736 om.
709 2703 744 2737 S.
867 2699 885 2727 d
905 2702 1074 2748 τοιοῦτον]
1099 2706 1234 2737 τοιοῦτο
1255 2704 1332 2738 F.v.
1454 2708 1470 2726 e
1490 2704 1557 2735 τῶν
1576 2713 1647 2735 om.
1669 2713 1698 2735 r.

182 2755 198 2782 f
215 2757 290 2802 τῆς]
317 2757 368 2790 καὶ
388 2756 433 2790 Ο.
570 2761 591 2788 g
610 2755 718 2800 δόξει]
743 2756 824 2799 δόξῃ
845 2757 876 2789 Α
891 2756 991 2790 k.1·.S.
1014 2762 1049 2790 et
1067 2771 1123 2801 γρ.
1145 2756 1183 2790 F.
1329 2753 1343 2775 ¹¹
1365 2754 1570 2799 καταλῦσαι]
1594 2756 1701 2787 λῦσαι

183 2809 466 2845 A.F.Y.O.k.1·.s.
490 2815 524 2843 et
543 2821 611 2843 ree.
632 2821 663 2843 v.
684 2821 735 2853 pr.
757 2809 850 2842 enim
871 2821 941 2843 om.
1065 2806 1075 2833 i
1097 2808 1279 2853 σώζοντες]
1306 2809 1425 2849 ζῶντες
1445 2820 1472 2840 s.
1594 2803 1613 2830 k
1633 2810 1701 2839 τῶν

182 2863 292 2897 αὐτῶν
310 2861 448 2907 ἔχοντα]
472 2863 595 2906 ἔχοντα
615 2864 680 2894 τῶν
699 2862 809 2895 αὐτῶν
828 2862 903 2895 F.v.
996 2858 1005 2885 Ῑ
1026 2861 1083 2907 δὴ]
1109 2862 1309 2907 Legebatur
1327 2859 1379 2900 ἂν,
1398 2860 1492 2905 quod
1512 2859 1700 2893 delendum

183 2916 366 2950 videbatur
385 2915 548 2949 Dobroeo.
677 2920 707 2938 ¹¹¹
727 2914 934 2959 προσίεσθε]
959 2916 1146 2959 προσεῖσθε
1167 2915 1242 2948 F.v.
1272 2910 1435 2958 προΐεσθε
1454 2912 1697 2947 A.Y.O.k.r.s.

186 2974 204 2992 Π
227 2968 323 3003 ὅστις
341 2966 398 3013 ἂν]
422 2966 462 3001 ἂν
482 2967 578 3002 ὅστις
598 2980 625 3001 r.
714 2973 731 2991 0
753 2966 878 3012 οὐδέν’]
903 2968 1000 3001 οὐδέν
1019 2968 1061 3001 A.
1149 2973 1167 3000 P
1187 2965 1225 3001 ἂν
1246 2979 1314 3000 om.
1331 2966 1484 3000 A.Y.r.S.
