1954 3273
84 178 238 226 -682,
260 193 310 219 xe.
622 183 765 222 ΚΑΤΑ
797 183 1255 222 ΑΡΙΣΤΟΚΡΑΤΟΎΣ.
1643 183 1726 225 715

210 293 348 347 ωτίας
387 298 545 357 κεῖται,
571 294 692 345 οὕτω
719 293 1025 361 Χερρονήσου
1051 299 1194 345 κεῖται
1229 301 1248 322 ⁰
1265 293 1383 360 πρὸς
1404 297 1504 358 ’τῆς
1531 293 1726 364 Θρᾴκης

117 378 239 441 21Βὴ
275 380 554 444 Καρδιανῶν
584 376 737 432 πόλις.
782 377 840 442 ἣν
871 376 924 429 ὃν
959 378 1050 445 ε”χει
1085 378 1232 430 τόπον
1268 378 1401 432 ὅστις
1434 376 1554 430 οἶδεν
1582 380 1780 442 ὑμῶνμο

210 462 304 512 οὐδ’
351 463 477 513 ἐκεῖν’
529 463 701 528 ἀγνοεῖ,
753 463 876 516 τίνος
921 463 1088 514 Χὲνεκα
1134 469 1295 530 καιροῦ
1339 463 1726 530 Ῡπεριπεποιήται

210 548 286 597 καὶ
328 546 696 598 διεσπούδασται
738 545 802 611 μὴ
845 552 1013 608 λαβεῖν
1057 548 1187 610 ὑμᾶς.
1235 555 1250 574 ²
1272 546 1324 598 ὃν
1367 547 1421 598 οὐ
1464 569 1720 612 συμπαρα-

210 627 444 679 σκευάσαι
483 631 583 680 καθ’
614 631 742 693 ὑμῶν
768 630 921 680 αὐτῶν
955 630 1181 698 ὀφείλετε,
1210 629 1341 681 ἀλλὰ
1367 635 1584 680 κωλῦσαι
1622 631 1725 681 καθ’

210 713 328 764 ὅσον
367 711 577 776 δυνατὸν,
604 715 679 764 καὶ
713 718 910 764 σκοπεῖν
946 712 1073 768 ὅπως
1105 713 1170 778 μὴ
1203 712 1489 779 θγενήσεται,
1517 715 1628 776 ἐπεὶ,
1655 714 1726 765 ὅτι
1741 738 1778 770 25

951 795 1159 864 1)παρείη,
1187 796 1436 862 δεδήλωκε.
1481 799 1727 850 Φιλίππου

117 820 265 864 219γε
304 798 396 848 οὐδ’
425 797 482 848 ἂν
513 799 722 849 ὁντινοῦν
756 797 918 863 καιρὸν

211 881 305 947 γὰρ
341 885 400 935 εἰς
443 881 725 949 Μαρώνειαν
762 881 983 935 ἐλθόντος
1018 880 1202 949 ἔπεμψε
1240 880 1360 948 πρὸς
1393 881 1534 932 αὐτὸν
1559 883 1727 933 Ἀπολ-

210 966 428 1030 λωνίδην,
468 966 652 1019 πίστεις
694 964 802 1019 δοὺς
834 966 990 1034 ἐκείνῳ
1034 967 1111 1016 καὶ
1156 965 1416 1029 Παμμένει·
1461 967 1536 1016 καὶ
1582 970 1619 1017 εἰ
1661 965 1727 1030 μὴ

210 1053 394 1114 κρατῶν
432 1052 515 1113 τῆς
552 1049 710 1115 χώρας
747 1047 1013 1112 Ἀμάδοκος
1053 1050 1219 1099 ἀπεῖπε
1254 1050 1481 1119 Φιλίππῳ
1520 1048 1584 1113 μὴ
1621 1051 1722 1101 ἐπι-

208 1135 402 1195 βαίνειν,
428 1131 558 1182 οὐδέν
585 1139 601 1158 ⁰
619 1131 677 1182 ἂν
699 1130 756 1195 ἦν
776 1134 824 1182 ἐν
850 1131 982 1200 μέσῳ
1008 1136 1232 1195 πολεμεῖν
1257 1131 1274 1159 ‘¹
1295 1132 1415 1195 ἡμᾶς
1440 1132 1558 1198 πρὸς
1587 1137 1722 1199 Καρ·
1739 1141 1821 1182 682

209 1214 391 1269 διανοῦς
426 1216 546 1280 εῆδη
582 1214 685 1266 sxa?
715 1223 736 1251 g
757 1215 1151 1281 Κερσοβλέπτην.
1195 1219 1271 1266 καὶ
1305 1216 1376 1266 ὅτι
1415 1219 1542 1267 ταῦτ’
1569 1218 1726 1281 ἀληθῆ

209 1298 350 1365 λέγω,
379 1299 396 1326 h
417 1299 539 1360 λαβὲ
565 1299 651 1363 τὴν
677 1298 898 1366 Χάρητος
922 1298 1198 1363 ἐπιστολήν.

807 1398 1128 1440 ΕΠΙΣΤΟᾹΗ.

115 1499 196 1527 220
283 1475 448 1522 Ταῦτα
473 1470 656 1535 ἰμέντοι
692 1474 764 1522 δεῖ
792 1471 1143 1533 σκοπουμένους
1178 1474 1396 1523 ἀπιστεῖν
1432 1474 1508 1523 καὶ
1544 1472 1610 1537 μὴ
1644 1490 1756 1524 τε-5

206 1560 471 1623 τυφῶσθαι,
499 1556 605 1619 μηδ’
634 1557 695 1608 ὡς
734 1555 948 1622 εὐεργέτῃ
987 1555 1240 1623 προσέχειν
1273 1579 1355 1607 τον
1382 1562 1505 1608 νοῦν.
1548 1558 1601 1608 οὐ
1633 1557 1726 1624 γὰρ

207 1638 273 1689 ὧν
324 1639 695 1705 ἀναγκαζόμενος
744 1638 888 1706 φίλος
938 1637 1057 1690 εἷναί
1097 1644 1234 1707 φησι,
1286 1641 1543 1710 φενακίζων
1594 1643 1724 1705 ὑμᾶς,

206 1722 345 1790 χάριν
371 1726 473 1774 ἐστὶ
510 1725 687 1774 δίκαιον
721 1724 929 1792 ὀφείλειν
966 1723 1334 1792 Κερσοβλέπτῃ,
1364 1726 1460 1775 οὐδ’
1487 1723 1553 1776 ὧν
1582 1725 1726 1793 μικρὰ

208 1809 482 1859 ἀναλίσκων
511 1809 603 1876 ἰδίᾳ
628 1811 705 1859 καὶ
731 1813 825 1862 τοῖς
852 1813 1139 1874 στρατηγοῖς
1165 1811 1240 1859 καὶ
1266 1814 1363 1863 τοῖς
1387 1809 1587 1877 ῥήτορσι
1612 1814 1721 1861 Χα-
1742 1833 1781 1855 10

205 1893 400 1958 ρίδημος
449 1890 782 1958 διαπράττεται
829 1891 948 1959 πρὸς
996 1893 1114 1956 ὑμᾶς
1163 1893 1377 1947 ἐπαίνους
1417 1895 1559 1945 αὑτοῦ
1608 1894 1728 1961 γρά-

207 1980 402 2044 φεσθαι·
446 1977 556 2026 ἀλλ’
586 1974 664 2039 ὧν,
691 1977 874 2044 ὁσαχοῦ
899 1976 1054 2042 κύριος
1079 1975 1244 2042 γέγονε
1268 1982 1352 2028 τοῦ
1382 1976 1606 2044 πράττειν
1632 1977 1657 2028 ὅ
1682 2001 1728 2029 τι

1226 2057 1248 2086 k

206 2061 444 2122 βούλεται,
481 2065 725 2127 πανταχοῦ
765 2064 917 2113 κακῶς
951 2061 1195 2127 ἐπιχειρῶν
1267 2061 1385 2124 ὑμᾶς
1422 2067 1572 2112 ποιεῖν
1613 2063 1727 2131 φαί-

114 2168 190 2197 221
208 2167 348 2202 νεται,
375 2143 554 2197 τούτων
587 2143 714 2196 πολὺ
744 2149 935 2206 μᾶλλον
972 2143 1242 2210 ὀργίζεσθαι
1277 2144 1521 2211 προσήκει.
1563 2149 1605 2196 οἱ
1640 2144 1726 2209 μὲν
1741 2173 1778 2206 ¹5

206 2229 361 2279 τοίνυν
387 2229 531 2279 ἄλλοι
556 2227 741 2291 πάντες,
769 2227 877 2278 ὅσοι
902 2250 947 2277 τι
973 2228 1082 2294 παρ’
1113 2229 1243 2290 ὑμῶν
1269 2229 1486 2294 εὕρηνται
1520 2229 1725 2292 πώποτε,

206 2314 278 2381 ἐφ’
327 2311 394 2366 οἷς
444 2313 494 2363 εὖ
535 2310 849 2375 πεποιήκασιν
901 2312 1019 2374 ὑμᾶς
1061 2312 1345 2376 τετίμηνται,
1390 2312 1526 2367 οὗτος
1570 2313 1619 2365 δὲ
1664 2312 1726 2368 εἷς

204 2396 447 2448 1οἱποὶντων
471 2401 605 2448 ΠῙτῶν
630 2396 799 2447 ἄλλων
824 2394 966 2459 μόνος
1005 2397 1080 2465 ἐφ’
1109 2395 1177 2450 οἷς
1203 2398 1427 2464 ἐγχειρῶν
1453 2399 1506 2449 οὐ
1530 2399 1721 2464 δεδύνη-

259 2522 281 2541 ¹1
300 2516 403 2562 πρὸς]
428 2517 496 2562 πρὸ
515 2515 664 2549 A.k.r.s.
772 2519 793 2539 Χ
812 2513 907 2548 ἕνεκα
925 2514 1070 2549 A.k.r.s.
1117 2514 1341 2549 Scribebatur
1361 2513 1481 2551 εἵνεκα.
1594 2523 1613 2551 Y
1632 2532 1726 2563 περι-

204 2602 400 2648 πεποίηται]
423 2574 568 2636 τῖῦῖεἶται
587 2603 624 2637 k.
653 2603 798 2636 ποιεῖται
817 2602 924 2635 A.r.s.
955 2613 1026 2636 om.
1046 2614 1102 2648 pr.
1123 2602 1167 2637 Y.
1190 2602 1321 2648 omissa
1339 2603 1446 2638 etiam
1465 2604 1530 2638 καί.
1631 2609 1649 2628 Ζ
1669 2603 1724 2651 ὃν]

206 2687 245 2722 ὃν
265 2688 357 2733 ὑμεῖς
378 2689 454 2724 F.v.
603 2695 623 2715 a
640 2688 837 2736 γενήσεται]
862 2654 1041 2734 ξζνῆσεται
1062 2689 1143 2723 B.S.
1295 2687 1315 2715 b
1335 2688 1472 2737 παρείη]
1497 2704 1613 2736 παριηι
1632 2690 1722 2725 F.Y.

852 2751 878 2770 GC

205 2788 307 2819 παριη
328 2776 402 2810 sine
422 2787 493 2810 aec.
516 2776 553 2811 S.
583 2775 686 2821 παρίη
708 2774 753 2810 Ο.
784 2788 886 2820 παριη
905 2787 939 2810 v.
1042 2780 1059 2800 ⁰
1077 2773 1117 2809 ἂν
1136 2788 1206 2811 om.
1226 2777 1374 2812 A.k.r.S.
1480 2773 1500 2800 d
1520 2776 1621 2822 ἡμᾶς]
1646 2776 1725 2820 ἡμῖν

206 2828 275 2862 A.k
288 2841 346 2863 r.s.
457 2834 473 2853 e
493 2830 554 2873 ἤδη
575 2842 645 2864 om.
666 2829 814 2863 A.k.r.s.
912 2824 928 2853 f
944 2828 997 2862 καὶ
1016 2829 1301 2865 A.S.Y.O.k.r.s.
1332 2830 1533 2875 Legebatur
1551 2830 1604 2862 καὶ
1623 2829 1722 2875 πρός.

207 2886 228 2914 g
248 2882 534 2929 Κερσοβλέπτην]
559 2883 810 2929 κερσοβλέπτηι
831 2881 868 2915 S.
954 2878 974 2907 h
995 2883 1101 2929 λαβὲ]
1125 2882 1213 2924 λαβέ
1231 2897 1289 2927 μοι
1308 2884 1533 2916 A.F.k.r.s.v.
1618 2879 1628 2906 i
1646 2884 1724 2926 μέν·

207 2933 276 2979 τοι]
300 2936 361 2978 μὲν
379 2947 432 2980 pr.
455 2935 490 2969 S.
602 2934 619 2958 ¹¹
642 2935 743 2981 ὑμᾶς]
768 2934 853 2979 ἡμᾶς
872 2934 1084 2970 F.S.Y.O.v.
1182 2936 1204 2979 >¹
1224 2936 1397 2982 ἁπάντων]
1423 2936 1557 2970 πάντων
1576 2936 1721 2971 A.k.r.s.

209 2992 238 3011 ¹¹¹
259 2990 325 3021 τῶν
344 3000 412 3022 om.
436 2989 479 3022 Ο.
