1954 3273
227 184 311 226 636
766 189 1194 227 ΔΗΜΟΣΘΕΝΟΎΣ
1295 185 1378 226 On.
1400 182 1567 225 XXII.
1592 173 1634 240 pL
1652 187 1747 238 605,
1763 197 1861 222 28·—

227 302 459 365 εσυνερεῖν
497 299 665 352 αὐτοῖς.
723 298 814 364 ἐγὼ
853 303 894 350 δ’
931 297 1109 362 ᾶοῖομαι
1144 302 1262 350 θδεῖν
1301 298 1387 348 ὡδί
1419 320 1520 351 πως
1558 295 1739 347 ἀκούειν

227 382 436 449 Ἀρχίου,
472 384 647 449 ἐρωτᾶν
685 381 826 432 αὐτὸν
864 388 1025 444 ταῦτα,
1064 380 1094 432 ἃ
1129 380 1461 447 ἰκατηγόρηται
1499 383 1581 444 τῆς
1617 386 1732 442 βου-

225 468 328 528 λῆς,
366 465 524 531 πότερ’
565 466 690 533 αὐτῷ
731 467 859 515 δοκεῖ
897 470 1053 519 καλῶς
1092 466 1282 532 ε’χεινη
1255 464 1282 530 ἢ
1324 469 1486 518 κακῶς·
1528 463 1616 514 κᾶν
1652 486 1737 527 μεν
1750 473 1832 514 606

226 553 295 616 φῇ
331 553 500 610 καλῶς,
535 571 697 612 μηκετι
734 547 817 598 τὸν
853 572 960 599 νουν
996 551 1057 602 ὡς
1093 551 1314 600 ἕέπιεικεῖ
1346 547 1610 615 προσέχειν,
1645 545 1738 597 ὴάν

226 631 275 682 δε
311 637 476 695 κακῶς,
511 633 560 682 τί
594 630 669 695 1δὴ
705 636 835 681 ταῦτ’
867 630 963 681 Κείἀ
1002 630 1206 698 φάσκων
1244 631 1440 695 ἐπιεικὴς
1479 629 1604 693 εἶναι,
1639 629 1733 682 πά-

157 735 208 777 51
226 722 304 765 λιν
338 714 478 766 αὐτὸν
513 718 727 781 ἐρωτᾶτε.
783 713 868 765 κᾶν
903 714 987 778 μὲν
1018 713 1222 765 1ἐναντία
1256 715 1411 780 λέγειν
1446 718 1529 783 φῇ,
1561 715 1739 779 μηδένα

224 803 265 850 δ’
293 800 418 868 αὐτῷ
450 800 708 861 πείθεσθαι,
737 799 913 849 ἄτοπον
946 797 1095 862 δήπου
1130 803 1212 848 νῦν
1245 798 1399 864 λέγειν
1431 797 1545 864 ὑπὲρ
1569 801 1652 862 τῆς
1677 798 1764 849 τά5

221 883 456 944 βέλτιστα
494 884 596 950 οὐχὶ
633 883 909 947 πειθομένης
944 883 1137 951 ωέαυτῷ
1173 885 1367 946 βουλῆς·
1415 881 1494 933 ἐὰν
1529 881 1578 933 δὲ
1615 905 1733 933 σιω-

221 972 331 1030 πᾶν,
369 972 470 1021 πῶς
508 969 590 1017 οὐκ
630 969 786 1030 ἀδικεῖ,
826 971 864 1017 εἰ
907 966 1060 1033 παρὸν
1098 966 1432 1035 ἐξαμαρτάνειν
1474 966 1739 1031 μέλλοντας

221 1052 500 1117 ἀποτρέπειν
535 1057 673 1102 τοῦτο
709 1051 794 1115 μὲν
829 1052 910 1101 οὐκ
945 1051 1099 1113 ἐποίει,
1126 1056 1207 1101 νῦν
1234 1049 1281 1101 δὲ
1307 1051 1464 1116 λέγειν
1489 1055 1645 1120 τολμᾷ
1675 1053 1737 1105 ὡς

221 1139 293 1187 δεῖ
313 1135 419 1190 τοὺς
445 1141 684 1187 ΙΙτοσαῦτα
710 1133 830 1186 κακά
855 1135 1188 1201 εἰργασμένους
1214 1138 1525 1203 στεφανῶσαι
1545 1157 1558 1198 ;
1751 1155 1789 1176 10

153 1236 209 1277 52
296 1218 444 1284 Οἶμαι
478 1221 633 1271 τοίνυν
659 1218 800 1270 αὐτὸν
826 1221 917 1270 οὐδ’
946 1220 1128 1270 ἐκείνων
1155 1218 1418 1288 ἀφέξεσθαι
1443 1224 1537 1270 τῶν
1563 1219 1736 1286 λόγων,

221 1306 293 1356 ὅτι
337 1310 484 1356 ταῦτα
528 1303 663 1355 πάντ’
705 1305 830 1374 αὐτῷ
874 1303 950 1355 διὰ
991 1303 1074 1357 τὰς
1119 1302 1390 1372 εἰσπράξεις
1435 1304 1641 1369 γε’γονεν,
1685 1303 1738 1358 ἃς

221 1388 334 1455 ὑπὲρ
386 1390 514 1451 ὑμῶν
564 1389 755 1454 ὀλίγους
811 1388 1064 1456 εἰσπρᾶξαι
1119 1386 1264 1456 φήσει
1319 1387 1483 1438 πολλὰ
1533 1387 1736 1455 χρήματ’

221 1476 418 1525 ἀναιδῶς
457 1473 509 1522 οὐ
550 1472 771 1525 τιθέντας.
831 1474 906 1522 καὶ
952 1469 1267 1537 κατηγορήσει
1309 1470 1500 1534 τούτων,
1538 1477 1737 1538 πρᾶγμα

219 1556 393 1625 ῥᾴδιον,
421 1554 560 1619 οἶμαι,
588 1555 1005 1624 Οδιαπραξάμενος,
1033 1559 1127 1605 τῶν
1160 1554 1225 1618 μὴ
1259 1554 1478 1605 τιθέντων
1511 1554 1594 1609 τὰς
1627 1559 1730 1606 εἰσ·
1750 1573 1786 1604 15

222 1640 386 1709 φορὰς,
423 1643 498 1691 καὶ
537 1640 680 1708 φήσει
719 1645 884 1691 πᾶσαν
918 1639 1072 1690 ἄδειαν
1111 1638 1308 1689 ἔσεσθαι
1346 1644 1428 1689 τοῦ
1464 1638 1529 1703 μὴ
1563 1640 1737 1691 τιθέναι

149 1742 204 1786 53
220 1725 303 1779 τὰς
340 1724 581 1794 εἰσφορὰς,
621 1730 658 1775 εἰ
697 1729 1079 1792 καταψηφιεῖσθε
1118 1725 1272 1775 αὐτοῦ.
1331 1725 1455 1786 ὑμεῖς
1493 1725 1547 1787 δ’,
1582 1723 1619 1774 ὦ
1656 1725 1736 1775 ἆν-

220 1813 324 1876 δρες
349 1810 604 1873 Ἀθηναῖοι,
631 1814 821 1875 πρῶτον
851 1807 936 1872 μὲν
962 1810 1104 1858 ἐκεῖνο
1131 1808 1417 1869 ἐνθυμεῖσθε,
1445 1806 1515 1858 ὅτι
1547 1808 1600 1858 οὐ
1631 1810 1736 1874 περὶ

218 1894 396 1944 τούτων
427 1893 635 1944 δικάσειν
661 1891 950 1956 ὀμωμόκατε,
977 1892 1085 1941 ἀλλ’
1115 1894 1152 1940 εἰ
1187 1889 1306 1940 κατὰ
1339 1888 1446 1944 τοὺς
1479 1889 1647 1955 νόμους
1680 1891 1788 1942 τὸεο

221 1977 459 2046 ψήφισμα
507 1975 683 2040 Ρεἶπεν,
734 1974 813 2027 εἶθ’
867 1975 938 2026 ὅτι
990 1973 1236 2026 πάνδεινόν
1286 1976 1401 2037 ἐστι,
1454 1977 1736 2042 κατηγορίαν

220 2061 526 2125 (ἶποιούμενον
545 2063 629 2114 Υὼς
656 2060 871 2111 ἀδικοῦσί
894 2083 1012 2113 τινες
1037 2058 1122 2123 τὴν
1147 2057 1302 2121 πόλιν,
1323 2058 1465 2110 αὐτὸν
1483 2059 1646 2128 ἀξιοῦν
1672 2058 1736 2111 ὧν

219 2147 368 2196 ἀδικεῖ
395 2144 616 2211 μειζόνων
643 2145 791 2196 ὄντων
821 2143 886 2208 μὴ
914 2146 1072 2193 δοῦναι
1099 2143 1247 2205 δίκην·
1290 2141 1417 2193 πολὺ
1442 2142 1535 2209 γὰρ
1561 2143 1736 2208 8δήπου

218 2229 370 2294 μεῖζόν
397 2231 493 2280 ἐστ’
523 2230 726 2293 ἀδίκημα
751 2227 953 2295 γράφειν
982 2225 1112 2292 παρὰ
1138 2224 1244 2279 τοὺς
1278 2225 1445 2289 νόμους
1471 2225 1499 2290 ἢ
1525 2225 1610 2290 τὴν
1636 2231 1734 2278 εἰσ-

150 2334 207 2378 54
220 2313 374 2382 φορὰν
409 2312 474 2376 μὴ
509 2313 721 2364 ἵτιθέναι.
778 2311 849 2362 ὅτι
887 2311 1040 2361 τοίνυν
1079 2311 1171 2360 οὐδ’
1208 2314 1245 2360 εἰ
1285 2314 1496 2378 φανερῶς
1535 2311 1732 2375 ἔμελλεν
1745 2334 1783 2364 25

218 2396 418 2451 ἁλόντος
451 2397 617 2448 τούτου
650 2398 809 2461 μηδεὶς
844 2397 1065 2447 εἰσοίσειν
1098 2395 1204 2459 μηδ’
1233 2395 1475 2459 ἐθελήσειν
1501 2396 1727 2463 εἰσπράτ-

273 2560 289 2579 ⁰
310 2554 479 2600 συνερεῖν]
505 2556 681 2600 συνεργεῖν
703 2555 737 2589 S.
756 2555 832 2597 (sed
851 2569 873 2600 γ
888 2566 968 2588 cum
988 2556 1134 2600 puncto)
1152 2567 1179 2589 r.
1268 2551 1286 2579 d
1307 2552 1418 2598 οἴομαι
1440 2555 1474 2589 S.
1505 2551 1596 2599 οἶμαι
1615 2555 1732 2601 vulgo.

219 2632 234 2650 (ἶ
256 2626 325 2660 δεῖν
346 2626 382 2660 S.
416 2626 615 2671 Legcbatur
635 2626 704 2659 δεῖν
723 2625 817 2669 ὑμᾶς.
905 2622 920 2650 f
936 2625 1177 2671 κατηγόρηται]
1202 2617 1423 2672 κιιτηγόρῆιται
1443 2637 1470 2658 ι·.
1501 2625 1733 2669 κατηγορεῖται

218 2680 298 2713 A.k.
390 2684 410 2712 g
431 2678 582 2724 ἐπιεικεῖ]
608 2679 732 2722 ἐπιεικῆ
756 2680 868 2713 S.Y.1·.
967 2676 984 2703 ¹¹
1005 2677 1045 2712 ἂν
1067 2680 1100 2714 S.
1132 2679 1190 2712 ἐὰν
1209 2680 1327 2724 vulgo.
1424 2675 1433 2702 i
1454 2678 1494 2721 δὴ
1514 2676 1625 2722 ταῦτ’]
1650 2677 1733 2719 δῆτα

218 2732 339 2766 Y.O.S.
363 2738 397 2767 et
417 2745 468 2778 pr.
492 2734 528 2766 S.
655 2730 670 2753 k
693 2731 759 2777 εἴη]
785 2733 813 2766 εἰ
834 2733 868 2765 δὲ
890 2745 915 2766 s.
937 2745 988 2778 pr.
1013 2733 1048 2766 S.
1166 2729 1176 2756 Ῑ
1198 2732 1329 2766 ε’ναντιά
1348 2733 1461 2777 λέγειν
1482 2730 1674 2764 S.Y.O.l·.S.
1698 2735 1733 2763 ct

218 2791 394 2820 correctus
414 2799 446 2820 v.
465 2791 499 2820 et
518 2800 572 2831 γρ.
590 2785 628 2819 F.
659 2785 847 2831 ἀντιλέγειν
861 2787 978 2830 vulgo.
1059 2791 1088 2809 ¹1¹
1109 2786 1227 2819 ἑαυτῶι
1249 2785 1377 2820 S.Y.O.
1409 2783 1458 2818 ἐπ’
1475 2784 1564 2818 αὐτῶ
1585 2796 1611 2817 S.
1642 2783 1732 2830 αὐτῷ

218 2840 334 2884 vulgo.
459 2845 478 2863 Π
499 2839 667 2884 τοσαῦτα]
693 2840 732 2872 τὰ
752 2841 903 2873 τοσαῦτα
925 2840 963 2873 F.
1083 2845 1100 2863 ⁰
1121 2839 1388 2884 διαπραξάμενος
1407 2850 1476 2871 0111.
1498 2839 1539 2871 Α.
1562 2837 1598 2871 in
1618 2849 1729 2881 marg.

218 2894 347 2926 liabent
369 2893 406 2927 F.
428 2898 462 2927 ct
483 2893 747 2938 διαπραξόμενος
767 2893 802 2926 k.
962 2900 979 2928 Ρ
999 2889 1108 2938 εἶπεν]
1130 2891 1256 2937 εἴρηται
1276 2893 1340 2926 k.1·.
1362 2898 1397 2926 ct
1417 2891 1524 2925 literis
1546 2890 1730 2936 postremis

217 2946 410 2980 obliteratis
431 2948 471 2980 A.
490 2959 531 2980 cx
552 2959 622 2992 qno
642 2944 770 2990 εἴρηκεν
789 2946 907 2979 attulit
929 2946 1104 2980 Rciskius.
1199 2952 1217 2978 (l
1238 2944 1458 2991 ποιούμενον]
1483 2942 1682 2989 ποιούμενος
1700 2948 1727 2977 t.

219 3005 233 3024 Γ
253 2999 312 3045 ὡς]
338 2999 394 3035 οὓς
414 3001 452 3034 Λ,
568 3005 582 3024 S
603 2999 710 3042 δήπου
729 3011 797 3032 om.
821 3012 846 3033 ι’.
959 2998 971 3023 t
992 2999 1134 3045 τιθέναι]
1159 2999 1263 3033 θεῖναι
1287 2999 1393 3034 F.t.V.
