1954 3273
49 175 276 220 —739,13.
638 170 777 208 ΚΑΤΑ
810 170 1213 208 ΤΙΜΟΚΡΑΤΟὙΣ.
1602 171 1681 213 771

171 278 341 344 μήθην,
362 283 503 331 εἰπεῖν
528 283 633 347 περὶ
660 281 714 331 οῦ
732 280 903 331 τέθεικε
928 288 947 315 q
962 280 1119 343 νόμου,
1147 281 1441 350 Γπαράδοξόν
1467 305 1525 343 τι,
1552 286 1740 333 Βθαυ-πο

171 362 358 426 μαστὸν
397 365 574 428 ἡλίκον.
614 365 748 418 οὗτος
783 362 891 430 γὰρ,
926 361 962 413 ὦ
1000 363 1163 429 ἄνδρες
1201 367 1432 427 δικασταὶ,
1470 370 1566 417 τοῖς
1601 364 1686 427 μὲν

169 446 228 497 τὰ
278 448 396 512 τέλη
438 448 710 511 ὠνουμένοις
751 447 931 515 ἔγραψε
975 446 1058 501 τὰς
1102 449 1323 515 τιμωρίας
1366 446 1493 511 εἶναι,
1538 452 1575 498 εἱ
1620 447 1685 512 μὴ

170 530 485 590 καταβάλοιεν
518 531 577 582 τὰ
602 530 835 598 χρήματα,
862 530 981 581 κατὰ
1011 530 1118 585 τοῦς
1158 531 1327 595 νόμους
1366 530 1473 585 τοὺς
1510 532 1679 597 προτέ-

168 637 290 680 ρους,
331 617 379 666 ἐν
419 615 486 670 οἷς
537 618 612 667 καὶ
658 617 682 667 ὁ
723 615 898 679 δεσμὸς
939 618 1013 666 καὶ
1057 616 1085 679 ἡ
1127 616 1361 667 διπλασία
1400 616 1684 682 ἴγέγραπται

167 699 444 765 ἀνθρώποις,
470 699 513 750 οἳ
539 699 613 750 διὰ
639 699 692 750 τὸ
719 700 997 766 ζημιοῦσθαι
1022 702 1097 752 ἐπὶ
1121 704 1179 768 τῇ
1206 703 1301 768 ὠνῇ
1333 700 1521 754 ἄκοντες
1547 700 1683 763 ἐζαελ-
1695 721 1733 752 25

169 790 257 834 λον
291 783 377 848 τὴν
410 782 553 835 πόλιν
582 783 838 849 ἀδικήσειν·
880 789 977 838 τοῖς
1015 784 1054 835 δ’
1083 784 1437 852 ὑφαιρουμένοις
1472 784 1564 835 υιτοὶ
1602 787 1685 848 τῆς

166 866 352 919 πόλεως
382 869 457 917 καὶ
485 871 789 934 ἱεροσυλοῦσι
823 866 883 918 τὰ
914 871 997 932 τῆς
1023 872 1131 919 θεοῦ
1155 867 1238 920 τὸν
1264 866 1442 933 δεσμὸν
1467 869 1679 937 ἀφεῖλεν.

76 951 344 1005 140¹1<alr0c
382 955 419 1001 εἰ
457 950 542 1014 μὲν
580 950 762 1002 ἐλάττω
801 950 993 1006 τούτους
1029 953 1229 1003 Ῡάδικεῖν
1271 953 1455 1003 ἐκείνων
1493 953 1685 1016 νομίσαι

165 1031 352 1099 φήσεις,
379 1032 559 1098 ἀνάγκη
597 1034 854 1096 μαίνεσθαί
882 1056 941 1084 σε
974 1035 1237 1100 ὁμολογεῖν,
1272 1039 1310 1086 εἰ
1346 1034 1395 1085 δὲ
1430 1034 1567 1100 μείζω
1607 1058 1683 1086 νο-
1696 1050 1776 1096 739

163 1116 321 1182 μίζων,
348 1115 510 1182 ὥσπερ
549 1117 693 1180 ἔστιν,
719 1119 866 1168 ἐκεῖνα
904 1117 1196 1183 τάδικήματα
1234 1117 1342 1172 τοὺς
1378 1117 1463 1182 μὲν
1497 1120 1680 1186 Ζάφίης,

163 1197 272 1254 τοὺς
297 1199 347 1250 δὲ
372 1199 452 1264 μὴ,
479 1202 562 1251 οὐκ
587 1201 675 1266 ἤδη
701 1203 846 1265 δῆλος
881 1199 923 1252 εἶ
953 1201 1204 1269 πεπρακὼς
1241 1201 1294 1253 τὸ
1331 1206 1530 1268 πρᾶγμα
1567 1203 1676 1254 τού-

161 1305 258 1335 τοις
279 1304 292 1344 ;

71 1389 144 1426 141
227 1366 402 1436 ’Άξιον
438 1369 595 1419 τοίνυν
629 1370 704 1418 καὶ
745 1370 866 1419 τοῦτ’
907 1373 1063 1432 εἰπεῖν,
1103 1368 1222 1420 ὅσον
1260 1370 1384 1432 ὑμεῖς
1424 1368 1679 1438 διαφέρετε,

162 1449 199 1501 (3
237 1452 399 1518 ἄνδρες
437 1454 671 1514 δικασταὶ,
706 1452 1112 1521 μεγαλοφροσύνῃ
1151 1457 1246 1503 τῶν
1280 1452 1508 1519 ῥητόρων.
1553 1455 1707 1517 ὑμεῖς5

159 1534 244 1598 μέν
269 1558 324 1602 γε
365 1535 424 1587 τὰ
451 1538 525 1587 ἐπὶ
563 1541 655 1606 ὃ*τῷ
691 1535 864 1600 πλήθει
904 1536 1300 1601 νενομοθετημένα
1332 1535 1476 1599 δεινὰ,
1505 1536 1584 1588 ε’άν
1610 1560 1678 1591 τις

158 1616 187 1682 ἢ
214 1618 399 1686 διχόθεν
424 1617 726 1689 Ῑ’μισθοφορῇ
760 1617 789 1683 ἢ
816 1620 1027 1687 ὀφείλων
1052 1624 1118 1688 τῷ
1142 1620 1358 1688 δημοσίῳ
1394 1619 1678 1688 ἐκκλησιάζῃ

158 1700 186 1767 ἢ
223 1701 381 1771 δικάζῃ
407 1701 436 1767 ἢ
463 1704 589 1753 ἄλλο
623 1726 667 1754 τι
696 1707 808 1770 ποιῇ
842 1701 907 1753 ὧν
933 1706 975 1753 οἱ
1012 1701 1145 1766 νόμοι
1179 1702 1595 1769 οἀπαγορεύουσιν,
1622 1705 1676 1755 οὐ

1418 1784 1432 1812 f

157 1783 335 1848 dAv'ere,
374 1788 448 1837 καὶ
489 1787 615 1837 ταῦτ’
658 1785 825 1840 εἰδότες
866 1786 937 1837 ὅτι
982 1785 1057 1836 διὰ
1096 1786 1259 1837 πενίαν
1297 1784 1378 1836 ὃᾶν
1438 1786 1675 1850 ποιήσειεν

156 1869 182 1919 ὃ
219 1869 398 1920 τούτων
427 1892 471 1921 τι
508 1874 667 1932 ποιῶν,
703 1869 806 1920 οὐδὲ
845 1869 1014 1932 νόμους
1047 1869 1282 1923 τοιούτους
1316 1870 1510 1932 τίθεσθ’,
1546 1869 1725 1924 ὅπωςιο

155 1952 351 2020 ἐξουσία
389 1959 410 1987 g
425 1952 560 2002 ἔσται
590 1952 608 1979 ¹¹
625 1953 913 2020 ἐξαμαρτεῖν,
949 1951 1080 2003 ἀλλὰ
1118 1953 1387 2003 τούναντίον
1425 1953 1551 2005 ὅπως
1584 1953 1666 2017 μή·

156 2034 162 2039 ”
1201 2035 1213 2052 Χ

155 2036 309 2086 1οὗτοι
346 2038 400 2098 δ’,
439 2036 566 2089 ὅπως
604 2040 646 2087 οἱ
682 2035 742 2086 τὰ
781 2036 1012 2103 αἴσχιστα
1054 2038 1129 2086 καὶ
1160 2059 1219 2086 τα
1253 2034 1524 2086 Ιίδεινότατα
1560 2059 1668 2087 ποι-

65 2136 141 2176 142
155 2124 311 2174 οῦντες
348 2120 480 2183 δίκην
522 2118 587 2183 μὴ
627 2120 884 2170 δώσουσιν.
946 2118 1042 2169 εἶτα
1076 2118 1512 2184 προπηλακίζουσιν
1554 2121 1672 2182 ὑμᾶς

207 2301 226 2328 ‘1
247 2293 368 2339 νόμου]
393 2295 496 2337 νόμον
509 2305 541 2327 v.
693 2300 708 2318 Γ
726 2293 934 2340 παράδοξόν]
958 2294 1155 2339 παράλογόν
1175 2293 1414 2328 A.Y.O.k.r.s.
1440 2295 1534 2340 quod
1557 2294 1593 2328 in
1612 2310 1667 2341 γρ.

151 2347 282 2381 habent
302 2347 382 2381 F.S.
494 2351 508 2370 S
528 2347 742 2393 θαυμαστὸν]
767 2348 819 2381 καὶ
839 2348 1036 2389 θαυμαστὸν
1055 2360 1086 2382 v.
1104 2353 1139 2381 et
1157 2362 1212 2393 γρ.
1234 2347 1316 2381 FS.
1427 2350 1439 2373 t
1458 2348 1663 2394 γέγραπται]

151 2399 340 2445 ἐγέγραπτο
360 2400 474 2434 A.k.s.
603 2406 623 2425 U
644 2401 685 2433 τὰ
704 2401 763 2443 τῆς
782 2401 929 2446 πόλεως]
955 2415 987 2434 τι
1006 2402 1066 2444 τῆς
1084 2402 1217 2435 πόλεως
1236 2401 1379 2435 A.k.r.s.
1505 2408 1518 2422 Χ
1541 2401 1664 2446 καίτοι]

151 2453 204 2486 καὶ
227 2453 261 2486 S.
277 2466 284 2486 z
315 2452 403 2486 illud
421 2453 456 2486 in
472 2467 528 2497 γρ.
668 2459 688 2486 Y
707 2453 831 2487 ἀδικεῖν
851 2454 999 2498 ἐκείνων]
1023 2454 1155 2488 ἐκείνων
1174 2453 1298 2487 ἀδικεῖν
1317 2455 1389 2487 A.S.
1411 2460 1446 2488 et
1464 2466 1532 2488 rec.
1554 2456 1590 2490 k.
1612 2467 1664 2500 pr.

150 2506 244 2539 enim
265 2505 396 2538 ἐκείνων
415 2517 484 2540 om.
623 2511 641 2529 Ζ
661 2505 780 2552 ἀφίης]
802 2506 916 2550 ἀφίεις
935 2507 1087 2540 A.k.S.S.
1117 2506 1231 2551 ἀφιεὶς
1251 2507 1449 2542 S.Y.O.r.v.
1580 2513 1600 2532 a
1619 2509 1666 2553 τῷ

149 2558 289 2603 πλήθει]
321 2561 389 2591 τῶν
414 2558 592 2591 πλουσίων
614 2564 791 2593 correctus
818 2560 852 2593 S.
878 2572 897 2593 a
921 2572 966 2593 m.
993 2559 1242 2594 recentissima.
1402 2558 1420 2586 b
1445 2559 1660 2605 μισθοφορῇ]

147 2612 359 2655 μισθοφορεῖ
371 2613 412 2645 A.
428 2611 626 2656 pariterque
637 2612 1181 2655 ἐκκλησιάζει-δικάζει-ποιεῖ.
1251 2618 1267 2638 0
1279 2612 1568 2658 ἀπαγορεύουσιν]
1584 2613 1665 2646 ἀνα-

147 2663 350 2709 γορεύουσιν
369 2664 459 2698 Y.O.
494 2664 767 2709 ἀπαγοράζουσιν
786 2677 853 2699 rec.
878 2665 913 2699 S.
1073 2663 1092 2691 ‘l
1111 2665 1211 2700 λύετε
1230 2667 1366 2700 codices
1388 2667 1493 2701 (inter
1512 2678 1600 2711 quos
1621 2666 1662 2700 B.

148 2718 191 2752 de
211 2729 281 2762 quo
301 2723 394 2750 tacet
415 2718 605 2760 Reiskins).
636 2717 782 2752 κωλύετε
803 2719 920 2764 vulgo,
941 2720 1036 2764 quod
1055 2731 1075 2753 a
1094 2725 1288 2754 correctore
1308 2720 1413 2753 habet
1435 2720 1471 2753 S.
1585 2724 1600 2743 e
1622 2717 1664 2751 ἂν

148 2771 281 2804 addidit
302 2770 495 2804 Bekkerus.
625 2768 639 2794 f
656 2770 845 2816 ποιήσειεν]
868 2772 1005 2815 ποιήσει
1025 2772 1192 2807 F.Y.O.v.
1317 2779 1338 2805 g
1357 2774 1455 2806 ἔσται
1474 2772 1662 2806 A.S.k.r.s.

148 2836 199 2869 pr.
221 2824 262 2856 Y.
294 2824 493 2869 Legebatur
511 2824 610 2857 ἔσται
629 2824 753 2859 αὐτοῖς.
880 2822 899 2849 h
921 2825 1133 2871 ἐξαμαρτεῖν]
1158 2825 1317 2871 ἁμαρτεῖν
1337 2838 1367 2859 v,
1490 2822 1499 2849 i
1520 2824 1611 2858 οὗτοι
1632 2824 1662 2858 δ’

147 2877 238 2911 ὅπως
256 2878 287 2910 οἱ
306 2877 364 2922 τὰ]
389 2876 479 2912 ὅπως
498 2877 525 2910 δ’
548 2877 640 2910 οὗτοι
660 2877 700 2910 τὰ
722 2878 924 2912 A.Y.O.k.r.
955 2878 1045 2914 ὅπως
1064 2878 1159 2912 οὗτοι
1179 2880 1220 2912 τὰ
1240 2892 1266 2912 S.
1425 2875 1444 2901 k
1466 2877 1656 2923 δεινότατα]

147 2930 309 2963 δοκοῦντα
329 2941 355 2962 r.
