1954 3273
203 148 287 191 764
743 155 1170 193 ΔΗΜΟΣΘΕΝΟΎΣ
1283 153 1365 192 On.
1388 152 1566 193 XXIV.
1588 141 1630 208 ρ’.
1649 163 1746 207 732,
1761 169 1839 194 ³—

201 261 421 327 πράττειν
446 261 553 316 τοὺς
579 263 860 330 ὠφληκότας
886 263 1005 314 κατὰ
1029 263 1263 318 Ῑ’[’τούτους
1291 263 1399 317 τοὺς
1429 264 1612 328 νόμους,
1638 264 1715 315 διὰ

201 345 328 395 ταῦτ’
357 345 410 394 οὐ
435 346 750 414 προσέγραψε
776 352 929 397 τοῦτο.
978 348 1027 397 ἐκ
1054 346 1103 398 δὲ
1127 346 1294 399 τούτου
1317 354 1401 398 τοῦ
1426 346 1602 413 τρόπου
1627 347 1714 412 τὴν

202 427 286 489 μὲν
321 426 629 495 ὑπάρχουσαν
667 431 891 495 τιμωρίαν
929 429 1085 484 λύσας
1121 430 1242 481 κατὰ
1277 435 1372 481 τῶν
1405 430 1464 481 τὰ
1499 434 1582 494 τῆς
1618 431 1707 483 πό·
1725 452 1742 483 5

202 517 322 563 λεως
371 509 585 577 ἐχόντων,
638 513 796 577 ἑτέραν
846 513 883 561 δ’
931 513 984 562 οὐ
1034 520 1053 539 ¹¹
1073 512 1401 581 προσγράψας
1449 513 1604 565 πάντα
1653 514 1714 565 τὰ

201 593 439 659 πράγματ’
487 597 676 661 ἀναιρεῖ,
727 598 888 659 δῆμον,
940 596 1119 659 ἱππέας,
1169 595 1363 660 βουλὴν,
1422 596 1532 663 ἱερὰ,
1584 596 1711 648 ὅσια·

203 678 301 728 ἀνθ’
326 676 404 740 ὧν,
426 678 572 744 ἄνπερ
599 681 736 741 ὑμεῖς,
757 676 794 728 ὦ
821 679 984 744 ἄνδρες
1009 685 1027 704 ⁰
1043 680 1297 743 Ἀθηναῖοι,
1318 681 1611 747 σωφρονῆτε,
1638 701 1717 729 κο-

203 764 399 815 λασθεὶς
444 764 521 812 καὶ
563 761 670 816 δοὺς
713 763 852 830 ἀξίαν
895 763 1026 826 δίκην
1069 767 1164 815 τοῖς
1208 762 1376 815 ἄλλοις
1420 761 1716 828 παράδειγμα

203 844 451 909 γενήσεται
475 844 539 909 μὴ
565 845 739 896 τιθέναι
764 845 997 899 τοιούτους
1023 844 1207 909 νόμους.
1730 865 1769 887 10

112 935 191 974 116
279 929 354 978 Οὐ
403 929 557 979 τοίνυν
600 929 780 991 Ρμόνον
824 928 884 979 τὰ
933 928 1212 994 δικαστήρια
1261 928 1410 994 ἄκυρα
1457 933 1581 979 ποιεῖ
1623 933 1718 979 τῶν

203 1010 620 1077 προστιμημάτων,
651 1011 783 1062 ἀλλὰ
818 1013 893 1062 καὶ
932 1016 1028 1064 τοῖς
1066 1013 1279 1061 ἀδικοῦσι
1316 1009 1375 1060 τὰ
1413 1009 1543 1060 κοινὰ
1575 1011 1712 1061 δίδω-

203 1115 284 1144 σιν
315 1093 484 1154 ἄδειαν,
511 1092 593 1148 τὰς
630 1093 743 1159 ὑπὲρ
777 1097 860 1157 τῆς
897 1093 1081 1146 πόλεως
1112 1093 1393 1158 ᾳστρατείας
1431 1093 1718 1155 λυμαίνεται,

202 1175 289 1240 τὴν
320 1177 549 1241 διοίκησιν
584 1176 819 1240 καταλύει,
851 1181 948 1231 τοῖς
981 1176 1255 1242 κακούργοις
1291 1176 1365 1225 καὶ
1402 1180 1497 1228 τοῖς
1530 1198 1713 1241 πατρα-

203 1260 354 1312 λοιάις
379 1262 455 1310 καὶ
483 1265 580 1314 τοῖς
606 1261 938 1326 ἀστρατεύτοις
964 1264 1229 1324 βοηθοῦντα
1253 1258 1421 1309 τέθεικε
1446 1257 1528 1309 τὸν
1554 1257 1712 1322 νόμον.
1732 1284 1767 1317 15

111 1342 286 1406 117τάς
319 1342 412 1409 γὰρ
447 1343 752 1410 ὑπαρχούσας
790 1345 840 1393 ἐκ
874 1348 968 1394 τῶν
999 1349 1107 1393 ι’νῦν
1146 1343 1315 1408 κυρίων
1354 1341 1509 1406 νόμων
1541 1349 1716 1405 5τιμω-

202 1427 304 1493 ρίας
338 1426 574 1480 καταλύει.
627 1427 864 1493 λεγόντων
899 1427 991 1493 γὰρ
1022 1432 1116 1478 τῶν
1151 1426 1305 1490 νόμων
1344 1426 1422 1479 οὓς
1456 1427 1588 1490 ε”θηκε
1620 1426 1713 1477 Σό-

203 1517 317 1573 λων,
345 1510 475 1561 οὑδέν
509 1510 665 1574 ὅμοιος
699 1509 764 1561 ὧν
794 1511 944 1580 τούτῳ
977 1511 1240 1575 νομοθέτης,
1268 1510 1347 1560 ε’άν
1372 1533 1441 1564 τις
1467 1512 1571 1580 ἁλῷ
1596 1518 1710 1562 κλο-
1729 1537 1770 1558 20

202 1596 295 1656 πῆς
335 1596 411 1644 καὶ
454 1593 518 1658 μὴ
557 1597 729 1661 τιμηθῇ
771 1594 989 1656 θανάτου,
1028 1598 1297 1660 προστιμᾶν
1336 1595 1461 1662 αὐτῷ
1497 1595 1511 1620 t
1528 1593 1719 1658 δεσμὸν,

203 1679 312 1726 11καὶ
350 1676 429 1727 ἐάν
466 1700 535 1731 τις
579 1677 723 1732 ἁλοὺς
766 1681 848 1741 τῆς
892 1680 1141 1731 κακώσεως
1184 1682 1278 1728 τῶν
1316 1677 1492 1743 γονέων
1534 1681 1597 1731 εἰς
1633 1677 1720 1742 τὴν

204 1759 384 1826 ἀγορὰν
419 1760 686 1830 Χέμβάλλῃ,
720 1761 950 1825 δεδέσθαι,
985 1760 1100 1813 Υκόὶν
1138 1763 1417 1828 ἀστρατείας
1455 1785 1524 1815 τις
1563 1762 1720 1831 Ζὸφλῃ

203 1845 314 1895 anal
356 1867 400 1895 τι
439 1849 534 1895 τῶν
572 1847 725 1896 αὐτῶν
762 1851 857 1899 τοῖς
896 1846 1119 1910 ἐπιτίμοις
1160 1850 1286 1913 ποιῇ,
1324 1847 1399 1896 καὶ
1436 1851 1601 1896 τοῦτον
1639 1848 1715 1896 δε-

205 1928 383 1990 δέσθαι,
435 1929 733 1996 Τιμοκράτης
780 1927 969 1981 ὒᾶπασι
1028 1929 1209 1983 τούτοις
1265 1928 1422 1979 ἄδειαν
1477 1934 1609 1991 ποιεῖ,
1659 1933 1718 1997 τῇ

114 2012 498 2065 Ῑιὸκαταστάσει
537 2017 661 2063 ετῶν
701 2015 940 2079 ἐγγυητῶν
977 2011 1060 2063 τὸν
1099 2011 1275 2076 δεσμὸν
1312 2014 1539 2079 ἀφαιρῶν.
1601 2011 1768 2068 &ov-'25

205 2094 361 2160 ε”μοιγε
399 2098 525 2146 δοκεῖ
560 2096 656 2160 (καὶ
691 2096 782 2163 γὰρ
819 2101 855 2147 εἷ
895 2097 1240 2165 φορτικώτερον
1279 2094 1390 2146 εἶναι
1427 2095 1481 2146 τὸ
1511 2094 1715 2162 ῥηθησό-

204 2200 344 2240 μενον
381 2177 520 2247 δόξει,
559 2180 684 2248 λέξω
729 2183 803 2230 καὶ
848 2182 930 2231 οὐκ
973 2178 1352 2248 ἀάποτρέψομαι)
1394 2178 1515 2229 κατὰ
1551 2185 1719 2230 Ετοῦτο

206 2260 319 2312 αὐτὸ
359 2262 493 2330 ἄξιον
530 2261 698 2313 Ῐαύτὸν
736 2263 849 2314 εἶναι
887 2263 1073 2332 θανάτῳ
1112 2263 1355 2328 ζημιῶσαι,
1389 2263 1443 2312 ἵν’
1477 2264 1525 2312 ἐν
1549 2260 1720 2313 αΑιδου

205 2351 300 2399 τοῖς
335 2346 534 2407 ἀσεβέσι
571 2351 631 2414 θῇ
665 2353 829 2398 τοῦτον
863 2346 945 2398 τὸν
985 2346 1139 2410 νόμον,
1171 2347 1290 2409 ἡμᾶς
1324 2344 1371 2397 δὲ
1405 2344 1511 2398 τοὺς
1547 2346 1720 2412 ζῶντας

261 2531 290 2549 ῐ“
310 2524 452 2561 τούτους
466 2526 545 2562 τοὺς
560 2526 698 2572 νόμους]
723 2527 801 2562 τοὺς
821 2528 942 2572 νόμους
956 2526 1096 2562 τούτους
1112 2540 1138 2561 r.
1215 2534 1234 2552 ¹¹
1255 2526 1504 2573 προσγράψας]
1525 2527 1664 2572 γράψας
1681 2527 1717 2560 S.

207 2584 226 2603 0
246 2577 414 2621 Ἀθηναῖοι
433 2591 502 2613 om.
522 2592 554 2613 v.
650 2585 669 2612 P
688 2581 791 2623 μόνον
809 2586 889 2626 post
909 2581 1013 2626 ι’ἰκυρα
1033 2593 1065 2615 V.
1162 2588 1180 2614 q
1200 2580 1396 2625 στρατείας]
1422 2581 1584 2625 στρατιὰς
1603 2581 1714 2614 A.k.s.

210 2637 223 2656 Γ
245 2631 319 2677 νῦν]
346 2633 415 2665 νυνὶ
435 2633 673 2667 A.Y.O.k.r.s.
796 2638 810 2657 S
830 2635 989 2679 τιμωρίας
1008 2646 1077 2668 om.
1098 2646 1125 2667 r.
1248 2635 1257 2653 ²
1278 2632 1422 2678 δεσμὸν]
1447 2634 1576 2675 δεσμοῦ
1594 2633 1717 2667 Y.O.r.

210 2691 230 2710 1¹
251 2686 304 2718 καὶ
324 2685 397 2731 ἐάν]
419 2685 478 2718 κᾶν
498 2686 606 2719 A.k.s.
701 2692 715 2708 λ’
737 2686 912 2733 ἐμβάλλῃ]
935 2687 1065 2730 ἐμβάλῃ
1086 2685 1325 2721 Α.Υ.Ο.Ις.ι·.8.
1411 2692 1421 2714 3
1447 2684 1720 2720 κᾶν-δεδέσθαι

209 2750 278 2771 om.
300 2750 327 2772 s.
426 2745 442 2764 Ζ
461 2738 573 2785 ὄφλῃ]
597 2738 670 2785 ἁλῷ
689 2740 770 2773 A.k.
873 2745 891 2764 ‘²
911 2740 964 2774 καί
983 2740 1166 2785 τι-πυιῇ]
1191 2739 1405 2772 ὅτι-ποιεῖν
1424 2751 1451 2772 r.
1549 2735 1568 2763 b
1588 2738 1716 2785 ἅπασι]

566 2790 583 2819 ὅ

209 2825 237 2857 δ’
259 2824 367 2858 ἅπασι
387 2825 551 2859 A.Y.O.r.
583 2824 612 2859 δ’
631 2825 739 2859 ἅπασι
758 2826 794 2860 k.
905 2832 918 2847 c
937 2826 1021 2872 τῶν]
1047 2828 1086 2869 τῇ
1107 2830 1172 2860 τῶν
1193 2826 1339 2860 A.k.r.S.
1444 2823 1459 2846 ‘¹
1479 2824 1720 2870 ἀποτρέψομαι

210 2878 483 2912 Λ.Η.Υ.Ο.κ.ι·.8.
520 2879 717 2923 Legebatur
736 2878 990 2924 ἀποκρύψομαι,
1012 2880 1105 2925 quod
1126 2879 1160 2913 in
1180 2894 1234 2924 γρ.
1255 2879 1359 2913 habet
1382 2878 1417 2912 S.
1556 2884 1572 2903 e
1593 2877 1713 2924 τοῦτο]

210 2929 299 2963 τοῦτ’
322 2932 361 2964 Α.
393 2933 494 2964 τοῦτό
513 2931 544 2977 γ’
566 2932 640 2966 F.v.
752 2929 767 2955 f
783 2932 885 2965 αὐτὸν
905 2944 974 2967 om.
991 2932 1115 2968 Y.O.r.
1138 2938 1217 2978 post
1237 2928 1319 2966 εἶναι
1339 2931 1438 2977 ponit
1457 2943 1525 2966 rec.
1546 2931 1581 2966 k.
