1954 3273
43 238 247 282 —792,2.
560 232 700 269 ΚΑΤΑ
735 230 1203 269 ΑΡΙΣΤΟΓΕΙΤΟΝΟΣ
1235 231 1281 268 Α.
1592 227 1675 268 827

168 362 291 389 σατο
329 340 527 402 κείμεναι
566 342 641 390 καὶ
668 343 709 390 οἱ
735 339 940 393 τεθέντες
970 339 1068 406 ὅροι
1103 338 1366 403 ἑστηκότες,
1393 338 1476 388 τὸν
1502 339 1671 404 ἀρνού-

170 445 310 484 μενον
335 423 536 487 Γὴγεῖσθ
565 422 621 472 ἂν
647 425 809 485 ἀναιδῆ
837 422 1069 486 δηλονότι,
1097 426 1134 472 εἰ
1162 423 1200 473 δ’
1229 421 1514 489 Βάνῃρημένα
1538 423 1671 471 ἴταῦ-

107 515 158 555 82
172 527 243 566 τα,
283 503 365 555 τὸν
409 507 715 569 ἐγκαλοῦντα·
758 507 878 556 οὕτω
923 511 1069 555 ταῦτα
1107 506 1329 573 πέφυκεν.
1391 506 1482 555 εἰσὶ
1525 504 1678 554 τοίνυν

172 586 236 637 ὧν
260 589 624 653 Ἀριστογείτων
649 589 826 657 ὀφείλει
852 592 909 655 τῇ
934 587 1070 639 πόλει
1096 591 1325 651 συνθῆκαι
1351 587 1434 650 μὲν
1462 591 1503 638 οἱ
1531 587 1675 649 νόμοι,
1694 608 1730 629 ¹0

171 674 275 720 καθ’
312 670 390 724 οὓς
427 670 743 738 ἐγγράφονται
781 670 950 724 πάντες
993 676 1034 722 οἱ
1069 671 1454 739 ὀφλισκάνοντες,
1492 670 1597 737 ὅρος
1638 672 1674 720 δ’

160 754 202 816 νή
229 756 364 808 σανὶς
392 755 419 817 ἡ
444 754 572 820 παρὰ
599 759 656 821 τῇ
680 759 768 823 θεῷ
788 756 983 819 κειμένη.
1029 760 1065 806 εἰ
1085 754 1170 818 μὲν
1192 756 1272 806 οὖν
1292 755 1515 822 ἀνῄρηται
1535 759 1677 804 uras}-

175 859 234 886 τα
272 859 346 886 και
385 836 729 904 Χέξαλήλιπται
763 837 817 888 τὸ
854 838 1065 905 ὄφλημα,
1105 839 1231 901 ἡμεῖς
1265 844 1512 904 ληροῦμεν,
1553 842 1677 899 μᾶλ-

177 926 264 969 λον
309 919 356 969 δε
396 918 751 987 ψευδόμεθαε
755 925 768 970 Z
811 923 880 970 γδ’
922 921 986 971 ἐτι
1033 921 1134 971 ἐστι
1176 944 1250 971 και
1295 943 1427 971 εσται
1471 921 1684 983 Ζεωσπερ

177 998 235 1050 ἀν
270 1001 431 1067 ἐκτισῃ
470 1024 545 1051 και
578 1007 715 1065 μενεῖ,
743 1003 876 1056 οὗτος
915 1002 1046 1053 οὐδεν
1072 1002 1242 1066 ἀληθες
1273 1002 1414 1067 λεγει,
1441 1003 1549 1051 ἀλλ’
1579 1003 1680 1051 ἀδι-
1701 1018 1735 1049 ι5

180 1088 251 1133 κεῖ
287 1085 362 1133 καὶ
404 1083 529 1134 δεινὰ
572 1090 698 1134 ποιεῖ
735 1084 794 1135 τὰ
839 1085 997 1135 ἢκοινοὶ
1041 1087 1193 1136 δίκαια
1233 1085 1469 1153 ἀφανίζειν
1510 1085 1681 1151 ἐπιχει-

116 1174 164 1211 8⁶
142 1171 291 1233 0pc3v.
349 1167 401 1216 οὐ
427 1166 533 1233 γὰρ,
561 1172 597 1217 εὶ
630 1166 695 1232 μὴ
725 1167 744 1194 b
761 1173 856 1219 πᾶν
883 1168 999 1218 ὅσον
1025 1167 1184 1236 ὦφλεν
1209 1169 1400 1236 ὀφείλει,
1429 1168 1557 1231 νῦνῆ
1585 1168 1682 1232 κρί-

181 1274 258 1304 σις
294 1252 386 1301 οὐδ’
416 1253 440 1301 ὁ
473 1252 652 1317 0λόγος,
691 1250 828 1302 ᾱάλλ’
867 1256 903 1302 εἰ
943 1253 1137 1320 ὀφείλει.
1198 1250 1226 1315 ἢ
1263 1250 1388 1302 δεινά
1428 1256 1474 1316 γ’
1502 1250 1558 1301 ἂν
1590 1250 1681 1301 πά-

183 1339 305 1384 θοιεν
356 1337 398 1384 οἱ
439 1334 677 1401 Εδραχμὴν
718 1335 1084 1400 ἐγγεγραμμένοι
1130 1334 1288 1398 μόνην,
1334 1339 1383 1396 εἰ,
1429 1333 1566 1384 ἰδιότι
1607 1357 1684 1397 μι-

185 1416 273 1482 κρὰ
311 1419 386 1467 καὶ
425 1416 557 1467 οὐδὲν
590 1417 904 1481 ἕήδικήκασιν,
931 1417 1118 1484 ἰσχύσει
1156 1417 1210 1468 τὸ
1247 1419 1453 1484 ὀφείλειν
1477 1418 1574 1466 κατ’
1603 1417 1684 1466 αὖ·
1704 1441 1744 1462 20

186 1504 293 1550 τῶν·
331 1498 438 1549 1Ῑέὂιν
477 1499 532 1549 δέ
563 1523 630 1553 τις
670 1499 857 1565 μεγάλα
894 1499 1120 1564 ἠδικηκὼς
1161 1498 1220 1567 ᾗῇ,
1259 1501 1370 1563 μίαν
1405 1502 1498 1553 θεὶς
1541 1498 1570 1563 ἢ
1612 1498 1693 1549 δύο

188 1583 459 1642 καταβολὰς
521 1585 726 1647 ἐπίτιμος
786 1584 933 1635 ἔσται.
997 1584 1062 1634 ἔτι
1113 1585 1268 1635 τοίνυν
1330 1585 1435 1649 τρία
1484 1585 1585 1634 ἐστὶ
1636 1582 1696 1633 τὰ

525 1667 542 1685 Δ

187 1667 458 1735 ὀφλήματα,
520 1692 550 1718 α
609 1667 956 1733 1(ἐγγέγραπται
1021 1670 1094 1717 καὶ
1157 1669 1228 1735 ἐφ’
1283 1666 1348 1720 οἷς
1411 1668 1692 1717 ἐνδέδεικται.

187 1751 248 1802 τὰ
284 1751 368 1815 μὲν
404 1750 459 1814 δὴ
499 1752 580 1802 δύο
620 1753 668 1801 ἐν
706 1753 963 1818 ἀπογραφῇ
1002 1751 1260 1814 πεποίηται,
1297 1749 1350 1800 τὸ
1388 1748 1443 1800 1δ’
1487 1749 1534 1799 ἓν
1575 1751 1697 1799 moin<

191 1834 558 1899 ἀπογέγραπται,
584 1833 715 1883 ἀλλὰ
741 1833 1038 1894 βουλεύσεως
1076 1832 1187 1884 ῐ’τὸν
1210 1834 1544 1896 Ἀλωπεκῆθεν
1567 1833 1697 1897 Ἀρί-
1710 1852 1748 1884 ²5

127 1922 355 1968 84στωνα
394 1917 600 1967 οδιώκει.
656 1919 742 1978 ναὶ,
789 1917 955 1985 φησίν·
999 1916 1163 1968 ἀδίκως
1211 1914 1302 1981 γάρ
1343 1916 1423 1977 Pp)
1467 1915 1693 1980 ἐγγέγρα-

194 2008 298 2068 φεν.
358 2002 429 2050 δεῖ
450 1999 506 2062 δή
533 2021 604 2060 σε,
631 2002 692 2052 ὡς
731 2000 858 2060 ἔοικε,
886 1999 1015 2063 δίκην
1042 2003 1222 2058 λαβεῖν.
1283 1999 1448 2048 οὐκοῦν
1474 1999 1701 2064 ὑποσχεῖν

193 2087 381 2148 πρῶτον
407 2084 482 2132 καὶ
516 2087 664 2145 μεῖναι
698 2084 746 2132 ἐν
781 2081 847 2134 οῖς
882 2081 1118 2133 πέπονθας
1152 2078 1349 2144 ἀνάγκη.
1392 2078 1420 2143 ἢ
1455 2079 1578 2133 τίνος
1615 2078 1700 2142 λή-

871 2166 882 2183 ι

194 2171 279 2235 ψει
310 2168 474 2231 δι’·κην
462 2207 474 2228 ,
519 2189 555 2216 ει
590 2165 682 2232 γὰρ
720 2166 876 2234 ε”ξεστι
916 2173 1021 2214 (ἶσοι
1055 2164 1209 2214 πάντα
1251 2169 1423 2214 ποιεῖν
1458 2163 1575 2229 ἅπερ
1608 2168 1797 2230 τοῖ9792

131 2254 182 2308 85
198 2251 376 2312 ἄλλοις,
417 2251 465 2300 τί
497 2250 749 2314 ἠδίκησαι
738 2290 750 2312 ,
796 2249 907 2318 φερε
945 2247 1001 2312 δὴ
1046 2271 1164 2314 προς
1198 2251 1328 2309 θεων,
1369 2249 1549 2298 κάκεῖνο
1586 2247 1700 2297 σκέ-

255 2429 269 2448 ¹’
288 2421 418 2469 ἡγεῖσθ’
439 2421 495 2468 ἂν]
520 2422 675 2468 ἡγεῖσθαι
695 2423 736 2456 A.
850 2427 864 2446 Β
884 2421 1088 2467 ἀνῃρημένα]
1112 2420 1310 2466 ἀνῃρημένοι
1331 2421 1370 2454 F.
1481 2419 1489 2439 ²
1510 2421 1615 2453 ταῦτα
1635 2431 1705 2453 om.

199 2489 252 2522 pr.
274 2477 310 2511 k.
424 2482 445 2501 U
464 2477 569 2508 ταῦτα
588 2487 657 2508 om.
680 2475 715 2508 S.
826 2480 845 2499 X
866 2475 1105 2520 ἐξαλήλιπται]
1131 2474 1371 2518 ἐξαλὴλειπται
1389 2473 1436 2506 8.»
1453 2472 1646 2516 ἐξὴλειπται
1667 2472 1705 2504 F.

199 2535 219 2562 Y
238 2528 267 2563 δ’
287 2528 353 2574 ἔτι]
379 2528 416 2561 δέ
430 2542 480 2562 τις
502 2528 536 2561 S.
558 2533 592 2561 et
611 2542 665 2572 γρ.
687 2528 726 2561 F.
836 2533 853 2551 Ζ
874 2527 1007 2572 ἕωσπερ
1027 2527 1109 2562 O.k.
1130 2533 1165 2560 et
1184 2527 1330 2560 correcti
1350 2527 1391 2559 A.
1414 2532 1448 2559 et
1469 2526 1510 2558 Y.
1550 2525 1707 2570 Legeba-

199 2588 258 2615 tur
276 2581 443 2626 τέωσπερ.
571 2585 590 2604 a
609 2579 717 2624 κοινὰ]
742 2580 833 2613 κοινὰ
853 2580 905 2613 καὶ
927 2580 971 2614 O.
1092 2576 1112 2604 b
1132 2579 1215 2624 πᾶν]
1240 2579 1274 2612 τί
1292 2577 1332 2612 ἂν
1355 2579 1390 2613 S.
1514 2582 1529 2601 ⁰
1548 2579 1652 2621 λόγος
1672 2576 1706 2610 S.

201 2635 237 2668 in
256 2640 357 2668 textu
376 2640 411 2667 et
430 2634 466 2666 in
484 2647 540 2677 γρ.
571 2632 769 2678 Legebatur
788 2634 891 2677 λόγος
909 2632 1017 2666 ἐστίν.
1048 2632 1166 2666 Verba
1179 2631 1248 2665 οὐδ’
1270 2633 1287 2664 ὁ
1306 2633 1410 2675 λόγος
1425 2630 1519 2663 ἐστὶν
1535 2641 1604 2662 om.
1623 2629 1706 2662 A.k.

203 2684 221 2711 d
241 2686 319 2720 ἀλλ’
341 2686 369 2719 εἷ
388 2685 521 2730 ὀφείλει
541 2685 576 2718 in
595 2699 650 2729 γρ.
673 2685 710 2719 S.
804 2690 819 2709 Ε
841 2685 1009 2730 δραχμὴν]
1034 2685 1088 2718 διὰ
1108 2685 1260 2730 δραχμὴν
1280 2684 1320 2717 F.
1325 2684 1367 2716 Y.
1374 2683 1418 2717 O.
1422 2695 1454 2716 v.
1484 2682 1537 2715 δια
1558 2681 1711 2726 δραχμὴν

202 2740 280 2782 μίαν
297 2739 377 2772 A.k.
489 2735 505 2761 f
521 2737 623 2782 διότι]
647 2736 676 2771 δ’
697 2737 748 2770 ὅτι
769 2737 807 2770 F.
919 2743 939 2770 g
959 2736 1168 2783 ἠδικήκασιν]
1194 2736 1386 2780 ἠδικηκόσιν
1405 2736 1445 2768 Α.
1449 2736 1485 2767 k.
1517 2733 1711 2777 ἢδικησανιν

204 2793 282 2836 (sic)
306 2792 339 2825 S.
424 2788 445 2814 h
465 2789 537 2835 ἐὰν]
563 2790 591 2823 εἰ
609 2790 645 2824 k.
738 2795 747 2814 ¹
767 2787 788 2833 ᾗ
809 2789 852 2823 Ο.
874 2796 909 2823 et
929 2796 1103 2824 correctus
1123 2803 1155 2823 v.
1177 2802 1245 2824 om.
1267 2792 1306 2822 A.
1312 2789 1346 2821 k.
1377 2787 1394 2829 ἢ
1415 2788 1531 2832 vulgo.
1618 2784 1632 2807 “
1618 2784 1710 2830 ε’γ-

202 2843 406 2890 γέγραπται]
430 2843 617 2888 γέγραπται
636 2854 687 2887 pr.
708 2843 743 2876 k.
865 2839 874 2866 ¹
894 2841 923 2876 δ’
943 2841 992 2887 ἓν]
1016 2841 1044 2875 δ’
1065 2841 1123 2876 οὖν
1143 2842 1177 2875 ἓν
1199 2843 1233 2876 S.
1255 2842 1290 2874 in
1310 2841 1353 2874 Y
1375 2815 1495 2873 nmmo
1498 2844 1550 2873 est
1569 2844 1649 2883 post
1668 2839 1710 2873 δ’.

205 2903 235 2921 ¹¹¹
256 2896 331 2941 οὐκ]
354 2897 430 2930 οὐδὲ
453 2896 534 2929 S.Y.
692 2901 711 2919 Π
730 2894 807 2940 τὸν]
831 2898 897 2928 τῶν
915 2896 958 2929 A.
1119 2901 1137 2919 ⁰
1157 2894 1283 2939 διώκει]
1309 2894 1437 2926 διώκειν
1459 2893 1492 2926 S.
1515 2892 1576 2926 sed
1595 2905 1612 2923 ν
1631 2902 1711 2924 cum

206 2956 348 2994 puncto.
452 2957 470 2986 1¹
489 2947 522 2991 μ’
542 2947 772 2993 ἐγγέγραφεν]
797 2962 836 2991 με
856 2948 1030 2993 γέγραφεν
1049 2947 1121 2981 F.v.
1222 2953 1240 2979 q
1262 2960 1318 2979 σοι
1338 2957 1407 2979 om.
1430 2957 1461 2980 v.
1571 2949 1586 2968 ¹²
1605 2944 1712 2977 ποιεῖν

208 3013 275 3035 om.
297 3014 328 3035 v.
349 3002 384 3035 in
405 3001 560 3046 margine
580 3001 684 3034 habet
707 3000 745 3033 F.
