1954 3273
205 137 290 179 806
735 137 1199 193 [ΔΗΜΟΣΘΕΝΟΎΣ]
1290 137 1370 177 on.
1396 136 1845 191 XXV.p.·771,13-
1901 116 1951 194 ἶ

202 257 286 302 τοῦ
323 250 602 316 πράγματος
637 248 811 314 λόγους
849 251 1064 311 δικαίους,
1092 250 1145 300 οὐ
1177 249 1260 299 τὸν
1294 251 1458 299 ἑαυτοῦ
1494 249 1600 309 βίον
1632 250 1716 298 ἀν-

203 333 453 399 θρώπινον,
491 333 575 382 οὐκ
609 331 720 382 ἄλλ’
749 333 842 383 οὐδ’
877 333 1030 382 ὁτιοῦν
1065 330 1261 396 ἀγαθόν·
1305 334 1363 382 δι’
1404 329 1435 380 ἃ
1467 331 1504 381 δ’
1545 328 1604 380 ἂν
1642 332 1720 380 καὶ

203 417 311 480 μηδ’
352 417 507 466 ὁτιοῦν
551 417 722 466 ἀδικῶν
765 438 835 469 τις
878 415 1039 478 ἔδεισε,
1079 415 1155 466 διὰ
1200 415 1330 466 ταῦθ’
1371 413 1535 468 ὴοὗτος
1582 413 1774 467 οἵεταιι5

205 498 535 562 σωθήσεσθαι·
578 500 627 548 ἐν
652 497 746 563 γὰρ
779 502 837 564 τῇ
871 500 953 561 τῆς
987 498 1212 563 πονηρίας
1247 499 1490 563 ὑπερβολῇ
1526 494 1611 559 τὴν
1637 496 1720 546 ἐλ-

167 583 321 633 όπίδα
346 584 429 644 τῆς
455 582 692 647 σωτηρίας
718 581 825 647 ἔχει.
872 580 1023 631 ἰοῦτω
1051 582 1088 632 δ’
1118 580 1139 614 k
1156 579 1360 648 ἐχόντων
1385 580 1577 641 τούτων,
1604 582 1732 630 δοκεῖ

206 687 286 728 μοι
313 687 381 717 τις
416 664 498 714 οὐκ
525 663 581 713 ἂν
608 665 829 728 ἁμαρτεῖν
855 664 996 715 εἰπὼν
1021 663 1093 714 ὅτι
1130 667 1225 715 νυνὶ
1251 665 1451 730 κρίνεται
1475 662 1560 726 μὲν
1587 667 1718 728 Ἀρι·
1899 673 1925 707 Ξ

207 748 482 811 στογείτων,
535 746 838 812 δοκιμάζεσθε
889 746 936 797 δὲ
987 751 1061 797 καὶ
1114 746 1393 798 κινδυνεύετε
1445 748 1570 809 ὑμεῖς
1619 747 1724 812 περὶ

207 829 366 898 δόξης.
410 833 446 879 εἰ
471 828 557 892 μὲν
582 829 674 895 γὰρ
701 829 978 897 ὀφθήσεσθε
1018 832 1092 881 ἐπὶ
1118 836 1213 883 τοῖς
1240 833 1360 881 οὕτω
1393 834 1611 898 φανεροῖς
1648 832 1725 880 καὶ
1739 851 1779 874 ²0

207 912 433 978 μεγάλοις
472 912 756 975 ἀδικήμασιν
800 912 1087 980 ὀργιζόμενοι
1129 917 1205 964 καὶ
1247 913 1595 979 τιμωρούμενοι,
1641 911 1721 963 δό-

208 997 313 1065 ξετε
351 997 491 1057 τοῦθ’,
519 996 634 1062 ὅπερ
672 995 792 1059 ἐστὲ,
830 1000 1046 1048 δικασταὶ
1082 999 1157 1048 καὶ
1191 996 1401 1066 φύλακες
1439 1001 1533 1048 τῶν
1573 995 1728 1059 νόμων

172 1079 578 1143 7εἶσεληλυθέναι·
620 1084 659 1130 εἰ
683 1079 742 1129 1δ’
763 1078 918 1146 ἕτερόν
937 1103 981 1130 τι
1006 1081 1285 1147 ΠΙπεριέσται
1311 1080 1503 1142 τούτων,
1528 1079 1552 1131 ὃ
1571 1083 1729 1144 μηδεὶς

208 1163 295 1227 μὲν
340 1163 426 1213 ”Bw
465 1163 601 1216 αὐτὸς
643 1164 940 1228 πεποιηκέναι
980 1165 1189 1232 φήσειεν,
1229 1166 1277 1215 ἐν
1322 1163 1370 1214 δὲ
1407 1169 1506 1217 ταῖς
1544 1162 1728 1232 ψήφοις
1742 1189 1779 1219 25

209 1246 526 1313 εὑρεθήσεται,
553 1247 736 1298 δέδοικα
769 1248 833 1312 μὴ
860 1248 1064 1316 Οδόξητέ
1095 1271 1194 1298 τισι
1232 1246 1314 1298 τὸν
1346 1249 1414 1298 ἀεὶ
1438 1247 1730 1310 βουλόμενον

210 1329 326 1381 εἶναι
350 1331 557 1397 πονηρὸν
577 1336 671 1382 τῶν
697 1334 744 1382 ἐν
769 1336 827 1399 τῇ
853 1332 991 1383 πόλει
1016 1335 1347 1398 παιδοτριβεῖν.
1392 1331 1596 1395 ἀσθενὴς
1622 1330 1732 1393 1)με“ν

211 1414 306 1481 γάρ
342 1416 499 1464 (Ᾰέστιν
536 1412 659 1468 ἅπας
692 1423 707 1441 r
727 1417 752 1466 ὁ
787 1414 991 1481 πονηρὸς
1031 1416 1131 1466 καθ’
1161 1414 1338 1465 ἑαυτόν·
1380 1412 1417 1483 ᾧ
1450 1416 1487 1464 δ’
1516 1412 1575 1465 ἂν
1608 1415 1733 1477 ὑμεῖς

213 1497 511 1565 πρόσθησθε,
538 1499 672 1552 οὗτος
705 1500 899 1566 ἰσχυρὸς
926 1500 1150 1564 γίγνεται.
1194 1499 1295 1550 ἔστι
1322 1498 1369 1550 δὲ
1395 1504 1532 1549 τοῦτο
1558 1503 1624 1568 τῷ
1648 1498 1733 1562 μὲν

215 1579 415 1642 λαβόντι
455 1582 563 1646 παρ’
594 1582 723 1643 ὑμῶν
758 1582 959 1647 ἐργασία
1000 1584 1075 1632 καὶ
1110 1583 1374 1643 δυναστεία,
1414 1582 1520 1643 ὑμῖν
1555 1579 1603 1631 δὲ
1636 1585 1826 1637 τοῖς772

176 1667 380 1721 8δοῦσιν
406 1663 592 1717 ὄνειδος.
637 1665 899 1728 βουλοίμην
936 1667 977 1715 δ’
1007 1663 1078 1727 ἂν,
1105 1663 1142 1715 ὦ
1168 1665 1330 1731 ἄνδρες
1358 1668 1614 1728 Ἀθηναῖοι,
1640 1662 1733 1729 πρὸ

214 1753 298 1798 τοῦ
339 1749 443 1814 περὶ
479 1752 599 1798 Ετῶν
633 1748 759 1798 ἰδίων
793 1746 871 1810 ἐμὲ
907 1752 1001 1798 τῶν
1034 1750 1247 1800 ἴτουτουὶ
1285 1749 1488 1813 υλέγειν,
1515 1747 1729 1798 σπουδά-

213 1853 394 1884 σαντας
439 1832 556 1894 ὑμᾶς
596 1830 821 1900 ἐξετάσαι
863 1831 939 1882 διὰ
981 1831 1198 1899 βραχέων
1240 1835 1302 1884 εἷς
1346 1831 1467 1895 ὅσην
1502 1830 1734 1898 αἰσχύνην

214 1916 290 1964 καὶ
328 1914 524 1983 ἀδοξίαν
558 1917 771 1982 Χπροῆχε
810 1914 896 1979 τὴν
930 1914 1074 1966 πόλιν
1111 1916 1316 1983 δημοσίᾳ
1354 1913 1510 1965 πάντα
1538 1912 1598 1964 τὰ
1631 1935 1763 1964 τοι-5

211 2003 334 2048 αῦτα
370 1999 521 2063 θηρία,
557 1997 622 2048 ὧν
659 1998 807 2061 μέσος
845 2002 920 2049 καὶ
961 2003 1225 2051 τελευταῖος
1266 2000 1341 2048 καὶ
1378 1996 1564 2062 πρῶτός
1602 1997 1734 2047 ἐστιν

214 2081 363 2134 οὗτος.
423 2083 535 2132 Υκαὶ
577 2080 637 2131 τὰ
684 2080 770 2145 μὲν
811 2082 943 2132 ἄλλα
989 2081 1130 2133 ἐάσω·
1182 2084 1294 2132 ἀλλ’
1337 2085 1397 2133 εἰς
1443 2081 1527 2134 τὰς
1568 2082 1734 2144 ἐκκλη-

214 2165 323 2217 σίας
367 2165 717 2226 ἀναβαίνουσιν,
763 2167 812 2215 ἐν
855 2164 926 2218 αἶς
978 2167 1100 2228 ὑμεῖς
1151 2164 1340 2230 γνώμης
1381 2163 1634 2232 ἀπόδειξιν,
1681 2164 1734 2213 οὐ

211 2248 439 2312 πονηρίας
477 2252 572 2300 τοῖς
611 2248 806 2312 λέγουσι
848 2248 1137 2313 Ζπροτίθετε,
1183 2247 1367 2310 τόλμαν
1412 2249 1486 2296 καὶ
1523 2245 1787 2312 κραυγὴνιο

213 2333 289 2382 καὶ
334 2334 521 2399 ψευδεῖς
572 2332 718 2384 αἰτίας
763 2333 838 2381 καὶ
883 2331 1233 2399 3συκοφαντίαν
1279 2332 1354 2380 καὶ
1397 2330 1733 2397 ἀναισχυντίαν

267 2516 289 2543 h
310 2518 427 2565 οὗτος]
453 2517 559 2554 οὕτως
583 2518 627 2553 Ο.
767 2516 775 2542 5
797 2518 903 2564 οὕτω]
929 2518 1034 2553 οὕτως
1056 2519 1091 2552 S.
1228 2514 1248 2541 k
1269 2518 1417 2561 ἐχόντων
1437 2514 1580 2561 τούτων]
1606 2514 1735 2549 τούτων

214 2573 363 2617 ἐχόντων
383 2572 541 2606 A.F.k.v.
631 2569 640 2596 1
665 2571 693 2605 δ’
714 2571 845 2617 ἕτερον]
871 2573 906 2605 δὲ
927 2573 1094 2617 πρότερον
1114 2572 1154 2604 Λ.
1243 2577 1266 2591 ¹¹⁴
1287 2570 1463 2613 περιέσται
1483 2567 1629 2614 τούτων]
1654 2567 1730 2602 τού-

214 2640 281 2658 των
300 2627 476 2671 περιέσται
498 2626 653 2659 A.F.k.V.
755 2631 772 2648 ¹¹
794 2623 833 2658 ἂν
854 2637 922 2658 om.
946 2626 1020 2659 F.v.
1120 2630 1138 2648 0
1160 2622 1296 2668 δόξητέ]
1320 2623 1435 2666 δόξετε
1456 2622 1534 2655 A.k.
1639 2626 1654 2648 ¹³
1674 2622 1735 2664 μὲν

214 2691 284 2712 om.
307 2691 358 2724 pr.
382 2679 463 2712 S.Y.
498 2678 681 2724 Supplevit
702 2690 826 2711 manus
843 2679 986 2724 antiqua
1006 2679 1040 2711 in
1064 2678 1097 2711 S.
1195 2685 1211 2709 ¹1
1233 2677 1329 2710 ἐστιν
1349 2675 1452 2720 ἅπας]
1479 2674 1553 2707 ἐστι
1574 2676 1639 2710 πᾶς
1661 2675 1731 2708 F.v.

214 2733 280 2766 πᾶς
300 2733 394 2765 ἐστὶν
415 2732 492 2765 A.k.
624 2737 638 2755 ¹¹
658 2732 676 2763 ὁ
696 2743 765 2765 om.
788 2731 878 2765 310.
1015 2737 1029 2756 S
1049 2734 1116 2764 τῶν
1136 2743 1206 2765 0111.
1230 2730 1272 2763 O.
1403 2730 1413 2753 t
1435 2728 1588 2774 τουτουὶ]
1612 2727 1734 2761 τούτου

215 2785 338 2818 A.F.k.
373 2784 494 2818 τούτου
513 2784 723 2828 ἀδικημάτων
742 2797 772 2818 v.
916 2791 935 2808 ¹¹
956 2784 1086 2830 λέγειν]
1112 2783 1224 2828 λέγειν
1243 2782 1453 2825 ἀδικημάτων
1472 2780 1507 2813 in
1528 2794 1582 2825 γρ.
1605 2781 1735 2815 habent

217 2838 297 2872 RS.
430 2843 448 2862 Χ
470 2839 599 2882 προῆχε
620 2844 795 2871 correctus
816 2839 868 2877 A„
897 2838 956 2883 qui
978 2850 1028 2883 pr.
1050 2839 1188 2881 προεῖχε
1209 2836 1343 2870 habuit.
1481 2839 1499 2866 y
1520 2834 1572 2866 καὶ
1592 2834 1633 2867 τὰ
1651 2833 1730 2879 μὲν]

215 2887 261 2924 ὧν
280 2891 321 2924 τὰ
340 2891 401 2933 μὲν
423 2891 495 2924 ΡΝ.
623 2897 639 2915 Ζ
660 2890 855 2935 προτίθετε]
879 2891 1083 2937 προστίθετε
1104 2891 1185 2923 A.k.
1316 2894 1334 2913 Π
1353 2886 1605 2932 συκοφαντίαν]
1631 2901 1733 2921 συκο-

215 2942 360 2989 φαντίας
379 2944 447 2978 A.k
456 2972 462 2977 .
