1954 3273
262 141 347 180 580
807 145 1236 186 ΔΗΜΟΣΘΕΝΟΎΣ
1393 145 1470 185 on.
1493 145 1695 200 XXI..p.
1709 155 1810 200 552,
1827 162 1904 186 2-

262 258 371 303 οῦτο
396 257 594 319 πρᾶγμα
619 254 902 320 “ε’παγαγῶν
928 255 1057 306 εἴασε
1087 254 1172 318 μέν
1205 278 1263 319 με
1294 256 1522 323 εἶσιτήρια
1555 257 1669 322 ὑπὲρ
1697 261 1780 321 τῆς

260 339 440 399 βουλῆς
466 340 757 403 ἱεροποιῆσαι
785 340 860 388 καὶ
887 343 1030 389 θῦσαι
1057 341 1133 390 καὶ
1159 338 1488 407 κατάρξασθαι
1519 345 1613 390 τῶν
1647 344 1779 406 ἱερῶν

170 430 248 481 148
263 419 376 486 ὑπὲρ
401 422 560 484 Χὺμῶν
588 423 662 471 καὶ
696 421 811 485 ὅλης
845 425 928 484 τῆς
960 421 1158 483 πόλεως,
1185 422 1313 473 εἰἀσε
1341 424 1377 473 δ’
1407 425 1807 490 ἀρχιθεωροῦντα5

262 505 457 568 ἀγαγεῖν
482 507 548 573 τῷ
575 506 654 554 Διὶ
687 508 754 573 τῷ
778 506 990 573 ΥΝεμείῳ
1022 504 1108 569 τὴν
1142 504 1301 568 κοινὴν
1336 505 1449 571 ὑπὲρ
1480 509 1563 569 τῆς
1597 506 1781 560 πόλεως

262 586 472 651 θεωρίαν,
497 589 694 652 περιεῖδε
730 586 778 637 δὲ
813 592 914 639 ταῖς
951 593 1146 650 σεμναῖς
1183 592 1306 642 θεαῖς
1337 588 1600 654 Ζὶεροποιὸν
1626 593 1777 655 3αἱρε-

262 668 400 719 θέντα
433 668 489 736 ἐξ
514 669 780 733 Ἀθηναίων
813 669 1034 721 ἁπάντων
1065 672 1221 737 τρίτον
1254 671 1395 722 αὐτὸν
1427 674 1503 721 καὶ
1538 671 1779 740 καταρξά-

260 774 401 815 μενον
426 756 521 802 τῶν
548 755 693 818 ἱερῶν.
747 751 815 818 ἆρ’
847 752 917 816 ἂν,
944 753 987 803 ε’ί
1012 754 1054 818 γ’
1085 752 1177 820 εἶχε
1209 753 1418 819 στιγμὴν
1444 752 1472 818 ὴ
1500 754 1642 805 σκιὰν
1667 755 1777 806 τού-

493 833 832 902 Ι’κατεσκεύαζε
875 841 976 887 κατ’
1016 839 1141 899 ἐμοῦ,
1180 842 1309 888 ταῦτ’
1350 836 1408 888 ἂν
1446 837 1638 900 ε’ίασεν;
1686 837 1781 904 ε’γῶ
1797 865 1835 886 10

260 858 355 886 των
392 832 456 886 ῶν

260 917 345 981 μὲν
372 919 455 969 οὐκ
481 917 621 982 οἶμαι.
676 920 842 970 οὐκοῦν
873 919 1170 988 ἐξελέγχεται
1201 920 1381 974 τούτοις
1411 923 1617 988 ἐναργῶς
1653 924 1783 989 ὕβρει

262 1001 411 1067 ζητῶν
435 1026 491 1066 με
519 1003 795 1065 εέκβάλλειν
821 1006 871 1055 ἐκ
897 1007 980 1068 τῆς
1004 1006 1245 1070 πατρίδος.

170 1102 249 1143 149
335 1084 528 1150 Ἐπειδὴ
554 1087 710 1137 τοίνυν
735 1092 873 1138 τοῦτο
904 1087 958 1138 τὸ
991 1092 1191 1153 πρᾶγμα
1226 1086 1328 1138 οὐδὲ
1359 1089 1459 1138 καθ’
1490 1087 1537 1139 ἓν
1563 1092 1780 1155 πανταχῆ

262 1169 487 1237 στρέφων
513 1168 606 1223 οἷός
632 1171 670 1220 τ’
695 1170 752 1235 ἧν
778 1172 974 1236 ἀγαγεῖν
999 1172 1067 1221 ἐπ’
1091 1170 1182 1234 ἐμὲ,
1210 1175 1424 1238 φανερῶς
1450 1172 1538 1236 ἤδη
1565 1169 1644 1220 ὁδί
1669 1173 1782 1234 ἐμοῦ

261 1251 344 1303 τὸν
369 1255 692 1321 Ἀρίσταρχον
724 1254 1047 1323 ἐσυκοφάντει.
1105 1256 1180 1304 καὶ
1214 1254 1274 1304 τὰ
1307 1254 1392 1318 μὲν
1426 1255 1558 1304 ἄλλα
1591 1259 1775 1305 σιωπῶ·
1796 1281 1831 1313 ¹5

261 1339 345 1401 τῆς
380 1336 428 1388 δὲ
461 1341 642 1401 βουλῆς
679 1340 785 1404 περὶ
822 1339 1000 1389 τούτων
1035 1338 1296 1403 καθημένης
1330 1340 1406 1388 καὶ
1441 1338 1781 1403 σκοπουμένης,

260 1419 512 1486 παρελθῶν
545 1421 679 1475 οὗτος
707 1427 733 1450 “
751 1422 978 1487 ἀγνοεῖτ”’
1009 1421 1100 1489 ε”φη
1127 1428 1154 1450 “
1171 1419 1237 1471 Βῶ
1269 1421 1437 1485 βουλὴ,
1463 1419 1517 1472 τὸ
1543 1426 1740 1487 πρᾶγμα
1762 1443 1774 1483 ;

261 1511 288 1533 “
315 1506 390 1554 καὶ
428 1503 510 1555 τὸν
549 1504 795 1572 αὐτόχειρα
826 1503 1066 1572 ἰὲχοντες”
1105 1505 1295 1570 ἕλε’γων
1333 1504 1414 1555 τὸν
1455 1505 1778 1571 Ἀρίσταρχον

261 1594 288 1617 “
315 1586 513 1649 μέλλετε
546 1591 621 1638 καὶ
655 1589 825 1654 ζητεῖτε
857 1591 930 1638 καὶ
958 1589 1234 1656 τετύφωσθε
1258 1610 1269 1647 ;
1312 1587 1422 1639 hoba<
1448 1591 1738 1639 ἀποκτενεῖτε
1759 1610 1772 1650 3
1791 1615 1833 1636 20

169 1677 289 1735 150“
317 1671 399 1721 οὐκ
430 1672 504 1722 ἐπὶ
536 1670 621 1734 τὴν
648 1672 795 1722 οἰκίαν
819 1675 1092 1732 βαδιεῖσθε;
1134 1673 1236 1739 οὐχὶ
1261 1671 1603 1741 ἱσυλλήψεσθε
1622 1673 1661 1732 ;”
1703 1674 1778 1722 καὶ

261 1755 388 1804 ταῦτ’
418 1754 585 1820 ἔλεγεν
616 1756 644 1818 ἡ
678 1754 823 1821 μιαρὰ
857 1759 932 1806 καὶ
969 1755 1158 1820 ἀναιδὴς
1189 1757 1305 1821 αὕτη
1333 1755 1519 1824 κεφαλὴ
1545 1756 1776 1824 ἐξεληλυ-

261 1836 353 1892 θῶς
379 1843 436 1906 τῇ
462 1840 718 1908 προτεραίᾳ
748 1841 857 1906 παρ’
886 1840 1222 1907 Ἀριστάρχου,
1249 1843 1324 1891 καὶ
1350 1840 1588 1907 χρώμενος
1613 1838 1778 1906 ὥσπερ

666 1923 684 1950 k
1559 1922 1569 1949 l

260 1920 319 1972 ἂν
359 1922 510 1976 ἄλλος
553 1945 622 1976 τις
702 1924 827 1992 αὐτῷ
871 1923 930 1974 τὰ
973 1923 1065 1990 πρὸ
1104 1923 1283 1986 τούτου,
1324 1926 1413 1986 καὶ,
1456 1923 1521 1974 ὅτ’
1586 1924 1776 1991 εὐτύχει,

259 2011 468 2056 πλεῖστα
527 2007 885 2074 παρεσχηκότος
938 2008 1156 2058 Π“ε’κείνου
1215 2005 1473 2073 πράγματά
1532 2029 1612 2071 μοι
1671 2010 1776 2072 περὶ
1791 2035 1828 2067 ²5

260 2093 355 2140 τῶν
392 2088 510 2155 πρὸς
552 2095 719 2140 τοῦτον
757 2092 1105 2155 Ποἰπαλλαγῶν.
1169 2095 1206 2141 εἰ
1250 2090 1335 2154 μὲν
1377 2092 1457 2141 οὖν
1494 2091 1778 2156 Οεὶργάσθαι

261 2195 306 2223 τι
333 2173 550 2234 Ρτούτων,
578 2172 650 2240 ἐφ’
676 2171 742 2226 οἷς
769 2172 1036 2235 ἀπόλωλεν,
1062 2173 1315 2239 ἡγούμενος
1346 2174 1428 2225 τὸν
1456 2175 1778 2242 Ἀρίσταρχον

263 2259 338 2306 καὶ
387 2255 708 2309 πεπιστευκώς
758 2260 853 2309 τοῖς
902 2261 996 2307 τῶν
1040 2257 1382 2320 αἰτιασαμένων
1435 2257 1597 2322 λόγοις
1646 2258 1775 2308 ταῦτ’

168 2363 239 2404 15¹
262 2341 405 2406 ἔλεγε,
444 2343 564 2408 χρῆν
601 2339 686 2404 μὲν
721 2342 812 2391 οὐδ’
842 2342 1001 2394 οὕτως·
1046 2342 1211 2407 μετρία
1249 2340 1342 2407 γὰρ
1375 2343 1477 2406 δίκη
1515 2341 1645 2408 παρὰ
1682 2347 1776 2393 τῶν
1787 2359 1870 2403 553

317 2466 337 2485 ¹1
357 2459 552 2506 ἐπαγαγὼν]
577 2460 709 2505 ἐπάγων
731 2459 767 2493 S.
893 2465 912 2484 Χ
933 2458 1040 2505 ὑμῶν]
1064 2458 1154 2502 ἡμῶν
1175 2459 1220 2493 Ο.
1343 2463 1362 2492 Y
1382 2457 1530 2505 Νεμείῳ]
1555 2457 1656 2505 νεμίῳ
1676 2459 1775 2493 F.r.t.

263 2519 281 2538 2
303 2513 485 2559 ἱεροποιὸν]
509 2514 684 2558 ἱεροποιῶν
705 2514 776 2547 Am.
867 2518 886 2537 Ρ·
905 2512 1095 2558 αἱρεθέντα]
1120 2511 1346 2557 ἀναρρηθέντα
1367 2513 1407 2546 P.
1493 2508 1512 2536 b
1533 2510 1771 2558 κατεσκεύαζε]

263 2565 492 2601 κατεσκεύασε
512 2567 621 2600 A.k.r.
734 2572 749 2590 ⁰
770 2565 948 2605 ἐκβάλλειν
969 2565 1172 2599 F.S.Y.O.s.
1208 2566 1407 2611 Legebatur
1426 2565 1593 2605 ἐκβαλεῖν.
1695 2561 1714 2589 d
1733 2564 1776 2599 δι’

263 2620 363 2665 ἐμοῦ]
387 2619 429 2654 δι’
447 2619 503 2661 ε’μὲ
519 2619 609 2653 Y.O.
694 2624 710 2643 e
731 2615 757 2653 (3
773 2620 896 2662 βουλὴ,
914 2620 953 2652 τὸ
973 2619 1128 2665 πρᾶγμα]
1153 2619 1192 2652 τὸ
1212 2620 1362 2664 πρᾶγμα,
1379 2615 1405 2652 ὦ
1422 2617 1533 2661 βουλή
1553 2618 1774 2652 A.F.k.r.t.v.

263 2671 278 2698 f
294 2672 446 2718 ἔχοντες]
469 2672 628 2718 λέγοντες
646 2673 722 2706 Λ.1·.
805 2678 825 2704 g
844 2672 969 2718 λέγων]
994 2674 1084 2717 λέγω
1104 2673 1138 2706 k.
1223 2669 1243 2695 h
1264 2672 1324 2705 οὐκ
1343 2671 1482 2718 dmm]
1507 2671 1560 2704 καὶ
1579 2671 1638 2704 οὐκ
1656 2671 1775 2706 ἀποκτ.

266 2726 427 2760 P.Y.O.s.
512 2723 521 2750 ἱ
542 2724 792 2770 συλλήψεσθε]
817 2725 1074 2769 συλλήμψεσθε
1096 2726 1133 2760 S.
1155 2725 1216 2758 sed
1235 2740 1258 2767 μ
1277 2731 1409 2770 puncto
1429 2730 1563 2758 not-ato.
1647 2720 1667 2747 k
1688 2724 1778 2771 αὐτῷ

263 2792 332 2814 om.
356 2779 516 2813 S.Y.O.S.
624 2775 633 2802 l
655 2777 804 2823 εὐτύχει]
832 2777 967 2822 ηὐτύχει
986 2779 1100 2813 A.k.1·.
1204 2784 1234 2802 ¹¹¹
1255 2778 1381 2812 ἐκείνου
1404 2778 1438 2811 S.
1474 2777 1672 2823 Legebatul·
1691 2777 1774 2810 πάν-

263 2848 329 2867 των
349 2831 486 2867 ἐκείνου.
516 2833 650 2866 πάντων
669 2830 791 2864 τούτου
810 2846 866 2876 γρ.
890 2832 925 2865 S.
1062 2837 1080 2855 ¹¹
1100 2831 1310 2876 ἀπαλλαγῶν
1331 2832 1413 2865 P.S.
1444 2831 1499 2864 διὰ
1518 2830 1728 2875 ἀπαλλαγῶν
1747 2842 1774 2864 s.

265 2886 463 2932 Legebatur
483 2887 689 2931 διαλλαγῶν,
706 2885 800 2930 quod
821 2885 855 2918 in
875 2899 930 2930 γρ.
952 2885 1057 2918 habet
1078 2885 1113 2918 S.
1197 2890 1216 2909 0
1236 2883 1429 2930 εἰργάσθαι]
1454 2882 1632 2929 εἴργασταί
1651 2882 1775 2918 Y.O.s.

263 2940 440 2985 ειργάσται
462 2939 498 2973 S.
612 2946 631 2974 P
650 2937 796 2983 τούτων]
820 2941 887 2971 τῶν
906 2950 958 2983 pr.
978 2937 1022 2971 Ο.
