1954 3273
49 187 206 230 -479‚
221 192 271 216 c2⁵-
691 178 832 216 ΠΡΟΣ
863 176 1170 214 ΛΕΠΤΙΝΗΝ.
1604 169 1688 209 505

171 289 275 340 πὼν
317 295 436 343 Ῡτοῖς
482 291 710 352 πολίταις,
754 288 841 340 κᾶν
884 288 1140 357 ἀφικνῆταί
1178 309 1246 340 τις
1289 288 1338 336 ἐκ
1384 283 1674 346 Λακεδαίμο-

172 397 263 436 νος,
309 374 516 442 κατέχειν
560 374 799 435 κελεύσας,
840 373 1053 440 οἴχεσθαι
1103 371 1383 438 πρεσβεύων
1433 367 1571 421 αὐτὸς
1621 370 1745 423 ὡς47
1754 385 1778 425 9

171 456 278 511 τοὺς
323 458 728 522 Λακεδαιμονίους,
780 456 940 522 λόγων
990 456 1073 506 Ζδὲ
1123 454 1412 521 γιγνομένων
1461 454 1561 514 ἐκεῖ,
1608 474 1683 502 και

172 564 311 592 τινων
354 541 761 608 ἀπαγγελλόντων
807 544 868 595 ὡς
914 545 1155 600 Ἀθηναῖοι
1196 538 1493 607 τειχίζουσιν,
1535 539 1685 604 ἀρνεῖ-

172 629 288 675 σθαι
326 628 399 676 καὶ
430 626 653 693 πρέσβεις
690 626 890 689 πέμπειν
924 624 1277 693 ἃσκεψομένους
1316 622 1531 684 κελεύειν,
1557 623 1680 672 ε’πει-

173 707 229 773 δὴ
272 711 310 759 δ’
351 710 437 777 οὐχ
476 709 589 774 ἧκον
630 710 770 773 οὗτοι,
810 710 1010 773 πέμπειν
1061 709 1241 774 ἑτέρους
1290 710 1544 773 παραινεῖν.
1609 707 1714 756 καὶὸ

176 793 344 847 πάντες
394 794 509 847 ἰ’σως
550 794 777 859 ἀκηκόατε
821 792 874 844 ὃν
924 793 1100 859 τρόπον
1151 792 1448 861 ἐξαπατῆσαι
1499 789 1686 855 λέγεται

108 876 607 942 825Λακεδαιμονίους.
650 881 771 948 φημὶ
814 879 969 929 τοίνυν
1013 877 1104 943 ἐγώ
1151 878 1248 941 (καὶ
1291 875 1410 942 πρὸς
1451 873 1580 936 Διὸς,
1617 871 1687 923 οῶ

173 962 336 1028 ἄνδρες
354 964 609 1027 Ἀθηναῖοι,
629 965 787 1027 μηδεὶς
814 961 977 1032 φθόνῳ
1003 962 1057 1013 τὸ
1077 962 1259 1026 μέλλον
1280 959 1503 1028 ἀδικούσῃ,
1531 960 1685 1021 θάλλζ

174 1045 231 1096 ἂν
269 1047 442 1110 ἀληθὲς
483 1045 526 1115 ᾗ,
567 1049 839 1115 σκοπείτω),
884 1047 985 1116 ὅσῳ
1036 1046 1089 1097 τὸ
1133 1050 1347 1114 φανερῶς
1397 1050 1479 1095 τοῦ
1529 1043 1687 1112 λάθρᾳ

173 1135 381 1196 κρεῖττον
419 1134 494 1181 καὶ
535 1131 589 1182 τὸ
630 1137 851 1185 νικῶντας
890 1138 972 1182 τοῦ
1012 1129 1489 1197 παρακρουσαμένους
1529 1127 1683 1194 πράτ-
1706 1153 1741 1174 ιο

499 1214 828 1282 ῑέντιμότερον,
864 1214 1113 1284 ἕτοσούτω
1152 1213 1352 1265 κάλλιον
1396 1211 1595 1264 Κόνωνα
1628 1212 1688 1263 τὰ

172 1237 268 1265 τειν
306 1216 460 1265 ὁτιοῦν

172 1299 302 1365 τείχη
353 1302 534 1363 στῆσαι
574 1298 968 1363 Θεμιστοκλέους·
1016 1300 1041 1349 ὁ
1082 1297 1166 1363 μὲν
1216 1297 1309 1363 γὰρ
1351 1297 1527 1360 λαθὼν,
1573 1299 1597 1347 ὁ
1640 1296 1688 1348 δὲ

174 1381 370 1446 νικήσας
419 1382 525 1436 τοὺς
576 1382 919 1436 11κωλύσοντας
969 1381 1090 1433 ίαῦτ’
1136 1382 1367 1445 ἐποίησεν.
1431 1382 1483 1432 οὐ
1533 1381 1688 1431 τοίνυν

173 1466 307 1534 ἄξιον
345 1466 427 1517 τὸν
464 1472 676 1517 τοιοῦτον
713 1468 789 1535 ὑφ’
828 1465 988 1528 Ῐὺμῶν
1026 1468 1312 1530 ἀδικηθῆναι,
1352 1466 1448 1516 οὐδ’
1489 1464 1687 1515 ε”λαττον
1703 1490 1737 1520 15

171 1549 339 1618 1ςσχεῖν
372 1556 467 1602 τῶν
497 1552 708 1618 ῥητόρων
744 1557 838 1602 τῶν
872 1549 1178 1620 1διδαξόντων
1204 1553 1266 1604 ὡς
1298 1549 1604 1620 1Βοίφελεόθαι
1643 1573 1688 1602 τι

172 1634 263 1702 χρὴ
289 1640 384 1686 τῶν
410 1637 564 1705 ἐκείνῳ
591 1637 835 1688 δοθέντων.

107 1731 159 1786 83
249 1718 371 1771 Εἶεν.
414 1719 545 1770 ἀλλὰ
584 1719 638 1784 νὴ
675 1721 770 1771 Δία
803 1720 886 1771 τὸν
921 1722 1066 1771 παῖδα
1109 1720 1216 1771 “τὸν
1253 1721 1472 1786 Χαβρίου
1516 1721 1687 1786 0περιί-

173 1806 326 1866 δωμεν
364 1804 676 1872 ἀφαιρεθέντα
711 1803 796 1867 τὴν
835 1805 1061 1867 ἀτέλειαν,
1096 1803 1155 1868 ἢν
1186 1806 1211 1855 ὁ
1252 1804 1406 1871 πατὴρ
1448 1806 1573 1873 αὐτῷ
1612 1808 1684 1855 δι-

173 1887 313 1940 καίως
356 1888 468 1953 παρ’
515 1889 670 1950 Ρὺμῶν
711 1885 878 1946 λαβὼν
915 1886 1184 1938 κατέλιπεν.
1236 1889 1346 1937 ἀλλ’
1392 1887 1555 1937 οὐδένα
1599 1889 1681 1937 ἀν-

171 1971 375 2037 θρώπων
420 1973 467 2021 εὖ
518 1973 797 2039 Ἷφρονοῦντ’
846 1969 971 2033 οἶμαι
1021 1971 1148 2021 ταῦτ’
1195 1970 1284 2021 Γᾶν
1328 1974 1482 2040 φῆσαι
1529 1976 1686 2025 καλῶς
1700 1996 1741 2019 20

170 2055 307 2122 ἔχειν.
350 2056 453 2106 ἰ’στε
491 2055 577 2117 μὲν
615 2057 696 2106 οὖν
730 2055 847 2109 ἴσως
886 2057 960 2104 καὶ
995 2055 1103 2105 ἄνευ
1138 2062 1220 2106 τοῦ
1255 2057 1363 2121 παρ’
1391 2058 1502 2118 ἐμοῦ
1538 2055 1686 2121 λόγου

171 2137 242 2188 ὅτι
268 2141 527 2191 σπουδαῖος
561 2139 779 2204 Χαβρίας
818 2137 874 2202 ἧν
907 2136 1037 2203 ἀνὴρ,
1066 2139 1118 2188 οὐ
1153 2137 1246 2202 μὴν
1280 2139 1449 2189 κωλύει
1484 2140 1526 2204 γ’
1556 2138 1687 2189 οὐδὲν

171 2221 289 2285 κάμὲ
314 2221 389 2271 διὰ
412 2222 630 2288 βραχέων
665 2224 1007 2285 ἐπιμνησθῆναι
1043 2227 1138 2273 τῶν
1172 2223 1514 2290 πεπραγμένων
1540 2225 1681 2293 αὐτῷ.

106 2312 161 2363 84
173 2304 226 2356 ὃν
250 2305 335 2370 μὲν
362 2307 443 2356 οὖν
464 2305 641 2372 τρόπον
678 2308 795 2370 ὑμᾶς
834 2306 954 2374 ε”χων
978 2307 1097 2373 πρὸς
1132 2307 1341 2362 ἅπαντας·
1370 2313 1682 2373 Πελοποννη-
1699 2331 1737 2363 25

224 2482 241 2506 -V
261 2479 332 2512 τοῖς
351 2490 419 2512 om.
436 2479 519 2512 A.k.
632 2483 649 2502 Ζ
671 2477 724 2524 δὲ]
749 2478 788 2512 δέ
804 2493 904 2511 τινων
922 2484 948 2512 t.
1059 2483 1078 2503 a
1098 2479 1335 2523 σκεψομένους
1357 2479 1525 2515 S.Y.O.S.
1571 2480 1684 2526 Lege-

170 2530 273 2564 batur
292 2531 371 2566 τοὺς
391 2532 640 2577 σκεψομένους.
755 2530 771 2553 b
794 2531 1074 2573 Λακεδαιμονίους
1094 2544 1162 2565 om.
1184 2533 1306 2567 A.S.k.
1417 2539 1433 2558 ⁰
1456 2529 1483 2567 (3
1501 2546 1572 2568 om.
1597 2533 1670 2568 S.O

170 2596 227 2618 r.s.
331 2581 349 2609 d
369 2583 516 2630 ἀκούσῃ]
541 2584 669 2628 ἀκούσῃ
689 2583 730 2618 ἂν
748 2597 778 2619 r.
889 2590 904 2609 e
923 2584 1002 2619 ἀλλ’
1022 2598 1127 2630 supra
1145 2597 1283 2619 versum
1304 2586 1409 2620 habet
1429 2587 1470 2620 A.
1567 2584 1583 2611 f
1599 2587 1665 2620 ἐντι

170 2638 330 2683 μότερον]
357 2638 571 2683 ἑτοιμότερον
592 2639 625 2672 k.
748 2644 769 2671 g
788 2637 960 2684 τοσούτῳ]
986 2641 1154 2672 τοσοῦτον
1173 2644 1200 2673 t.
1322 2637 1341 2663 h
1361 2639 1596 2686 κωλύσοντας]
1619 2655 1684 2673 κω-

170 2689 316 2725 λύοντας
334 2703 362 2724 r.
519 2689 528 2717 i
550 2690 621 2725 αὔτ’
642 2691 801 2735 ἐποίησεν
823 2691 981 2725 S.Y.O.r.
1011 2691 1232 2736 ἀντεποίησεν
1252 2704 1279 2726 S.
1311 2692 1403 2726 ταῦτ’
1424 2694 1583 2736 ἐποίησεν
1602 2694 1683 2727 A.k.

170 2744 274 2776 ταυτὸ
293 2746 394 2776 τοῦτο
415 2745 574 2787 ἐποίησεν
594 2745 696 2779 F.t.v.
841 2741 852 2776 j
875 2744 983 2790 ὑμῶν]
1008 2744 1099 2787 ἡμῶν
1118 2746 1153 2779 k.
1303 2742 1323 2770 k
1351 2746 1467 2791 σχεῖν]
1492 2748 1582 2790 ἔχειν
1601 2747 1683 2780 A.k.

172 2796 178 2818 ¹
209 2797 431 2842 διδαξόντων]
456 2797 660 2841 διδαξόντων
679 2797 764 2841 ἡμᾶς
794 2798 862 2832 F.t.
893 2798 1098 2842 διδαξόντων
1125 2798 1209 2840 ὑμᾶς
1233 2811 1260 2833 1¹.
1419 2805 1448 2823 m
1468 2799 1679 2845 ἀφελέσθαι]

169 2848 393 2894 ἀφαιρεῖσθαί
410 2851 446 2884 k.
561 2859 578 2875 ¹¹
599 2852 658 2884 τὸν
678 2851 954 2885 A.Y.O.k.r.s.v.
985 2853 1046 2884 τοῦ
1065 2852 1183 2897 vulgo.
1306 2857 1324 2876 0
1344 2851 1545 2896 περιίδωμεν
1564 2851 1685 2897 (περιΐ-

169 2902 274 2946 δομεν
301 2903 359 2945 Α.)
391 2903 632 2949 ἀφαιρεθέντα]
667 2903 826 2949 περιίδων
855 2904 1106 2949 ἀφαιρεθέντων
1131 2905 1174 2939 O.
1331 2911 1350 2938 P
1380 2905 1489 2951 ὑμῶν]
1524 2905 1616 2949 ἡμῶν
1648 2906 1683 2940 k.

172 2964 190 2990 ‘i
211 2956 421 3002 φρονοῦντα]
446 2959 657 3001 φρονοῦντας
675 2970 702 2991 r.
814 2963 829 2981 Γ
848 2956 888 2991 ἂν
907 2963 989 2991 ante
1008 2955 1099 3001 οἶμαι
1120 2959 1224 2993 F.t.v.

890 3031 958 3060 ΕΖ
