1954 3273
214 152 298 191 800
753 156 1179 194 ΔΗΜΟΣΘΕΝΟὙΣ
1272 153 1353 192 On.
1376 151 1555 192 XXIV.
1580 145 1626 207 pj
1641 151 1736 205 765,
1755 166 1852 191 1⁵-

121 282 201 321 240
214 262 334 313 κατὰ
358 265 440 326 τῆς
465 263 649 319 πόλεως
675 263 819 333 δόξαν
848 267 901 315 οὐ
931 265 1145 332 χρηστὴν
1170 263 1408 328 ποιήσετε.
1463 265 1538 314 καὶ
1569 261 1662 326 μὴν
1688 266 1725 312 εἶ
1741 283 1777 313 ¹5

216 348 416 398 Σόλωνα
453 350 529 398 καὶ
565 349 816 414 Δράκοντα
851 350 1035 403 δικαίως
1072 351 1336 409 Χέπαινεῖτε,
1376 349 1458 398 οὐκ
1496 346 1552 397 ἂν
1589 346 1722 412 ε”χον-

213 453 287 484 τες
313 435 454 482 εἰπεῖν
480 432 718 498 οὐδετέρου
745 432 898 483 κοινὸν
924 432 1186 497 εὐεργέτημ’
1206 430 1336 481 οὐδὲν
1354 429 1483 493 πλὴν
1510 429 1579 480 ὅτι
1605 452 1728 491 συμ-

211 515 441 583 φέροντας
491 516 661 579 ἕθηκαν
713 518 787 567 καὶ
838 520 1028 569 Υκαλῶς
1079 515 1271 581 ἔχοντας
1321 513 1502 576 νόμους,
1551 514 1728 562 δίκαιον

211 598 361 662 δήπου
407 600 480 648 καὶ
525 603 621 651 τοῖς
666 599 981 650 Ζὑπεναντίως
1025 601 1254 648 3τιθεῖσιν
1296 598 1480 650 ἐκείνοις
1525 597 1728 661 ὀργίλως

211 680 401 747 ἔχοντας
437 683 512 730 καὶ
549 679 832 746 κολάζοντας
868 681 1135 748 φαίνεσθαι.
1191 677 1294 729 οἶδα
1329 678 1377 729 δὲ
1410 677 1725 744 Τιμοκράτην,
1739 699 1781 720 ²0

211 762 282 813 ὅτι
319 760 402 812 τὸν
441 761 583 825 νόμον
618 762 882 829 εἰσενήνοχε
916 768 1082 812 τοῦτον
1119 763 1205 828 οὐχ
1237 763 1389 825 ἥκισθ’
1420 760 1534 826 ὑπὲρ
1565 762 1722 810 αὑτοῦ·

210 845 375 896 πολλὰ
400 846 493 912 γὰρ
520 847 676 910 ἡγεῖτο
701 847 1035 897 πολιτεύεσθαι
1063 845 1080 872 ¹³
1091 847 1198 910 παρ’
1224 847 1330 907 ὑμῖν
1357 845 1467 913 ἄξια
1495 847 1687 907 δεσμοῦ.

118 943 194 982 241
286 929 528 992 Βούλομαι
573 930 727 980 τοίνυν
767 931 872 993 ὑμῖν
911 931 1124 979 οκοίκεῖνο
1163 928 1501 992 διηγήσασθαι,
1541 927 1565 977 ὅ
1604 928 1733 995 φασί

209 1015 310 1064 ποτ’
340 1018 480 1064 εἰπεῖν
507 1013 708 1064 Σόλωνα
734 1019 1083 1079 κατηγοροῦντα
1120 1011 1262 1076 νόμον
1295 1012 1418 1065 τινὸς
1450 1013 1533 1062 οὐκ
1562 1012 1720 1075 ἐπιτή-
1740 1032 1778 1061 ²5

209 1100 331 1147 δειον
371 1098 542 1150 θέντος.
608 1098 796 1162 λέγεται
835 1096 929 1162 γὰρ
967 1101 1062 1149 τοῖς
1102 1100 1344 1149 δικασταῖς
1388 1095 1530 1146 αὐτὸν
1572 1099 1728 1158 εἰπεῖν,

209 1177 362 1242 ἐπειδὴ
397 1179 560 1228 τᾶλλα
594 1177 934 1243 κατηγόρησεν,
970 1177 1040 1228 ὅτι
1079 1178 1218 1241 νόμος
1257 1181 1386 1229 ἐστὶν
1421 1177 1630 1231 ἁπάσαις
1668 1180 1730 1231 ὡς

209 1260 349 1315 ἀέπος
385 1266 526 1312 εἰπεῖν
561 1267 660 1315 ταῖς
696 1260 912 1323 πόλεσιν,
939 1261 1018 1312 ἐάν
1051 1286 1120 1316 τις
1151 1261 1205 1313 τὸ
1234 1261 1444 1326 νόμισμα
1470 1262 1728 1329 διαφθείρῃ,

118 1363 195 1404 242
210 1346 413 1397 θάνατον
448 1345 533 1410 τὴν
568 1345 733 1411 ζημίαν
767 1344 895 1396 εἶναι.
951 1346 1251 1411 ἐπερωτήσας
1282 1345 1330 1396 δὲ
1363 1350 1399 1396 εἰ
1435 1347 1607 1398 δίκαιος
1639 1346 1724 1395 αὑ-

208 1435 303 1482 τοῖς
348 1432 424 1480 καὶ
473 1434 629 1482 καλῶς
679 1429 799 1496 ε”χων
845 1431 869 1479 ὁ
916 1429 1056 1492 νόμος
1102 1431 1328 1497 φαίνεται,
1373 1429 1527 1492 ἐπειδὴ
1573 1431 1727 1496 φῆσαι
1741 1438 1823 1490 766

209 1513 345 1568 θτοὺς
385 1513 624 1574 δικαστὰς,
666 1517 806 1564 εἰπεῖν
846 1513 915 1563 ὅτι
961 1513 1098 1567 αὐτὸς
1137 1513 1341 1579 ἷὴγεῖται
1380 1512 1601 1579 ἀργύριον
1644 1511 1729 1574 μὲν

211 1598 434 1662 ἕνόμισμ’
462 1597 574 1648 εἶναι
600 1602 693 1648 τῶν
721 1598 847 1648 ἰδίων
873 1597 1293 1663 συναλλαγμάτων
1318 1595 1479 1646 Ῐιἕνεκα
1511 1600 1606 1648 τοῖς
1639 1597 1727 1646 ἰδι-

210 1684 348 1737 ώταις
375 1682 637 1749 εὑρημένον,
664 1681 771 1735 τοὺς
798 1681 845 1732 δὲ
873 1680 1041 1744 νόμους
1067 1680 1244 1746 ὶἡγοῖτο
1280 1680 1489 1743 νόμισμα
1523 1682 1605 1743 τῆς
1636 1677 1725 1730 πό-

210 1773 330 1821 λεως
369 1764 494 1818 εἶναι.
552 1765 681 1816 1(δεῖν
717 1764 795 1827 Ιδὴ
834 1764 940 1819 τοὺς
980 1763 1205 1818 δικαστὰς
1242 1768 1415 1831 πολλῷ
1453 1767 1657 1825 μᾶλλον,
1689 1762 1754 1817 ε’ί5

208 1871 275 1901 τις
322 1848 347 1899 ὃ
391 1851 473 1911 τῆς
524 1847 708 1901 πόλεώς
752 1850 856 1897 ε’στι
902 1846 1125 1910 νόμισμα,
1171 1853 1309 1897 τοῦτο
1355 1847 1609 1914 διαφθείρει
1654 1848 1729 1896 καὶ

207 1931 496 1998 παράσημον
532 1931 753 1999 εἰσφέρει,
789 1936 945 1993 μισεῖν
985 1934 1058 1981 καὶ
1095 1929 1320 1996 κολάζειν,
1347 1929 1375 1993 ἢ
1402 1930 1444 1979 εἴ
1472 1952 1540 1982 τις
1571 1931 1728 1991 ἐκεῖνο,

114 2014 234 2082 243ὃ
268 2020 362 2066 τῶν
401 2019 594 2066 ἰδιωτῶν
630 2014 774 2064 ε’στίν.
830 2018 1106 2080 προσθεῖναι
1139 2014 1186 2065 δὲ
1218 2013 1466 2079 τεκμήριον
1498 2018 1580 2063 τοῦ
1612 2016 1729 2063 ιΪὶκαὶ

207 2099 360 2165 μεῖζον
398 2097 510 2149 εἶναι
547 2099 812 2161 ῐ’τοίδίκημα
852 2097 906 2148 τὸ
941 2097 1047 2151 τοὺς
1087 2097 1254 2160 νόμους
1291 2097 1572 2164 διαφθείρειν
1606 2094 1635 2159 ἢ
1673 2095 1726 2146 τὸ

209 2182 443 2248 ἀργύριον,
472 2183 541 2232 ὅτι
568 2182 775 2249 ἀργυρίῳ
809 2181 893 2242 μὲν
925 2184 1107 2231 πολλαὶ
1139 2185 1232 2230 τῶν
1258 2179 1446 2231 πόλεων
1473 2182 1546 2229 καὶ
1574 2184 1720 2247 φανε-
1741 2197 1778 2218 ¹0

208 2270 299 2331 ρῶς
344 2265 461 2330 πρὸς
506 2265 688 2331 χαλκὸν
739 2266 813 2314 καὶ
858 2272 875 2289 ⁰
892 2263 1136 2326 μόλυβδον
1183 2263 1448 2332 κεκραμένῳ
1492 2262 1725 2330 χρώμεναι

209 2350 439 2415 σώζονται
475 2352 548 2398 καὶ
584 2349 675 2398 οὐδ’
706 2352 858 2398 ὁτιοῦν
889 2346 1017 2413 παρὰ
1042 2353 1211 2397 Ρτοῦτο
1244 2346 1506 2413 πάσχουσι,
1533 2354 1552 2381 ‘¹
1570 2345 1727 2409 νόμοις

264 2481 278 2496 ⁸
301 2473 481 2518 ἐπαινεῖτε]
507 2473 649 2506 ἐποιεῖτε
670 2485 695 2506 ι·.
779 2478 795 2505 Y
817 2472 941 2515 mmm]
966 2473 1087 2506 καλοὺς
1108 2484 1158 2517 pr.
1177 2471 1220 2505 O.
1300 2477 1316 2495 Ζ
1339 2471 1556 2517 ὑπεναντίως]
1584 2471 1723 2504 ὑπεναν-

208 2528 281 2561 τίον
302 2528 375 2561 F.v.
408 2526 624 2560 ὑπεναντίους
644 2525 884 2559 A.Y.O.k.1·.s.
1037 2530 1055 2549 a
1074 2525 1234 2570 τιθεῖσιν]
1259 2525 1407 2558 τεθεῖσιν
1429 2524 1465 2558 S.
1612 2522 1626 2543 ¹’
1645 2524 1726 2569 παρ’

210 2593 279 2615 Om.
299 2593 331 2615 v.
428 2586 443 2604 (“
463 2579 590 2613 κάκεῖνο
610 2578 857 2623 διηγήσασθαι]
883 2578 1112 2623 διηγήσασθαι
1131 2580 1260 2612 κακεῖνο
1282 2578 1353 2611 ΓΝ.
1452 2574 1471 2602 d
1490 2578 1570 2612 ἕπος
1590 2589 1661 2612 om.
1679 2577 1723 2612 Ο.

210 2640 225 2658 ⁰
246 2635 323 2669 τοὺς
343 2633 521 2678 δικαστὰς]
547 2633 672 2666 πάντας
693 2632 772 2666 τοὺς
792 2632 953 2666 δικαστὰς
975 2632 1046 2665 F.v.
1159 2628 1173 2655 f
1191 2631 1318 2676 ἡγεῖται
1337 2629 1498 2676 ἀργύριον
1517 2630 1594 2676 μὲν]
1622 2629 1724 2676 ἀργύ-

207 2702 281 2731 ριον
300 2688 360 2731 μὲν
380 2687 507 2732 ἡγεῖται
528 2698 558 2718 v.
640 2691 660 2717 g
681 2683 816 2728 νόμισμ’
834 2681 933 2730 εἶναι]
959 2681 1041 2718 εἶναι
1062 2686 1210 2728 νόμισμα
1232 2685 1307 2718 F.v.
1385 2681 1403 2708 ¹¹
1424 2683 1534 2729 ἕνεκα]
1559 2682 1666 2717 εἵνεκα
1688 2684 1723 2719 S.

209 2737 218 2764 ¹
239 2739 372 2786 ἡγοῖτο]
398 2740 512 2785 ἡγεῖτο
534 2739 708 2772 S.k.1·.s.v.
800 2734 817 2761 k
840 2738 925 2781 δεῖν]
950 2738 999 2771 δεῖ
1019 2739 1053 2772 k.
1153 2734 1163 2762 ¹
1183 2738 1240 2783 δὴ]
1266 2738 1301 2771 δέ
1322 2749 1348 2770 r.
1436 2743 1465 2761 ¹¹¹
1487 2737 1539 2770 καὶ
1559 2749 1630 2772 om.
1650 2737 1722 2771 RV.

209 2799 228 2817 ¹¹
249 2793 411 2836 τάδίκημα
433 2793 474 2826 Β.
495 2792 634 2837 aliique.
668 2792 707 2824 τὸ
727 2790 867 2834 ἀδίκημα
888 2792 1004 2836 vulgo.
1116 2796 1134 2815 0
1154 2791 1329 2834 μόλυβδον
1351 2790 1466 2824 S.Y.v.
1501 2790 1724 2824 scribebatur

207 2847 386 2889 μόλιβδον.
508 2851 527 2878 Ρ
547 2844 664 2890 τοῦτο]
689 2843 811 2877 τούτου
832 2856 858 2877 r.
984 2853 1001 2879 (Ι
1024 2846 1138 2887 νόμοις
1158 2845 1192 2877 δὲ
1213 2843 1388 2888 πονηροῖς]
1413 2842 1534 2885 ὁμοίως
1554 2843 1589 2876 δὲ
1611 2844 1725 2886 νόμοις

207 2901 365 2944 πονηροῖς
386 2898 593 2932 A.Y.O.k.s.
636 2897 724 2939 ὅμως
751 2898 786 2929 δέ
814 2899 922 2940 νόμοις
951 2899 1109 2941 πονηροῖς
1136 2904 1312 2931 correctus
1336 2909 1361 2930 r.
1407 2898 1520 2939 νόμοις
1543 2897 1578 2929 δέ
1603 2896 1725 2939 ὁμοίως

207 2954 363 2996 πονηροῖς
386 2957 560 2985 eoru-vetus
581 2964 610 2984 v.
