1954 3273
185 164 270 203 548
729 168 1158 207 ΔΗΜΟΣΘΕΝΟΎΣ
1316 168 1392 206 On.
1415 167 1554 207 XXI.
1577 163 1621 222 p?
1631 178 1731 222 522,
1749 185 1824 209 1—-

242 274 399 328 τέχνην.
431 277 609 319 ἐκδόντος
636 276 680 317 δέ
707 294 773 328 μοι
795 277 1086 328 Δημοσθένους,
1110 276 1138 332 ᾧ
1159 282 1348 331 μαρτυρῶ,
1372 278 1576 330 στέφανον
1605 296 1696 332 χρυ·
1709 293 1794 334 522

243 347 341 383 σοῦν
382 343 482 384 ὥστε
519 345 809 384 κατασκευάσαι
850 345 911 384 καὶ
948 345 1098 395 ἱμάτιον
1139 345 1352 399 διάχρυσον
1387 349 1559 396 ποιῆσαι,
1594 347 1697 390 ὅπως

242 413 493 463 οπομπεύσαι
525 414 568 453 ἐν
588 414 717 454 αὐτοῖς
747 413 817 462 τὴν
843 415 912 452 τοῦ
933 414 1130 453 Διονύσου
1161 414 1329 464 πομπὴν,
1355 414 1416 454 καὶ
1445 415 1538 464 ἐμοῦ
1558 431 1694 455 συντε-

241 480 435 523 λέσαντος
473 481 600 520 Ραύτὰ
640 481 702 520 καὶ
743 479 905 534 ἔχοντος
945 479 1033 532 παρ’
1076 483 1224 536 ἐμαυτῷ
1271 482 1418 533 ἕτοιμα,
1458 481 1725 532 εἷσπηδήσαςὸ

240 549 337 600 πρός
366 565 415 598 με
446 549 591 599 νύκτωρ
622 550 820 590 (ὶΜειδίας
855 550 876 588 ὁ
909 548 1132 600 κρινόμενος
1163 548 1238 588 ὑπὸ
1270 548 1563 599 Δημοσθένους,
1593 547 1698 601 ἔχων

240 618 323 665 μεθ’
346 617 483 655 ἑαυτοῦ
515 616 577 655 καὶ
606 616 766 662 ἄλλους,
791 617 1022 668 ἐπεχείρησε
1043 616 1282 667 διαφθείρειν
1309 615 1378 655 τὸν
1405 615 1608 667 στέφανον
1637 616 1700 655 καὶ

241 682 284 721 τὸ
317 682 481 732 ἱμάτιον,
505 683 567 722 καὶ
593 684 680 722 τινὰ
708 684 781 733 μὲν
812 683 938 723 αὐτῶν
969 682 1200 733 ἐλυμήνατο,
1230 683 1274 722 οὐ
1305 683 1438 733 μέντοι
1468 690 1482 707 r
1499 682 1627 723 πάντα
1653 700 1701 736 γε

240 749 428 800 5ἠδυνήθη
450 752 512 790 διὰ
532 750 575 789 τὸ
599 749 843 802 ἐπιφανέντα
862 767 911 801 με
934 754 1119 791 κωλῦσαι.

316 819 330 845 t
346 819 375 847 ἕξ
507 819 536 847 {4
669 820 697 847 ’ΣΕ
830 820 858 847 ※
991 819 1019 846 ἕ
1152 819 1181 846 {5
1315 819 1343 846 -Jk
1479 818 1507 845 ἥὲ

113 900 170 942 32
259 882 437 933 Πολλὰ
473 883 558 946 μὲν
592 885 760 946 τοίνυν,
800 882 836 934 ὦ
877 881 1041 949 ἄνδρες
1073 884 1329 947 Ἀθηναῖοι,
1372 885 1446 933 καὶ
1490 884 1595 949 περὶ
1633 880 1750 934 egum

182 965 289 1020 τοὺς
325 965 504 1021 ἄλλους
541 969 756 1032 ἠδίκηκεν
791 968 882 1035 ε”χω
920 968 1087 1034 λέγειν,
1116 965 1280 1033 ὥσπερ
1314 964 1473 1017 11εἶπον
1499 968 1548 1017 ἐν
1574 969 1697 1035 ἀρχῇ

181 1057 264 1101 τοῦ
305 1049 469 1116 λόγου,
512 1053 587 1102 καὶ
627 1053 914 1119 Χσυνείλοχοι
956 1053 1111 1118 ὕβρεις
1156 1052 1324 1102 Ῡαύτοῦ
1368 1054 1442 1100 καὶ
1484 1052 1698 1113 Ζἀτιμίας

179 1135 417 1189 τοσαύτας
462 1135 581 1190 ὅσας
625 1136 889 1187 ἀκούσεσθε
934 1136 1098 1186 αὐτίκα
1149 1134 1206 1199 δὴ
1247 1134 1394 1198 μάλα.
1461 1132 1520 1198 ἦν
1573 1135 1611 1185 δ’
1664 1135 1693 1199 ἡ

179 1219 402 1285 συλλογὴ
427 1220 580 1288 ῥᾳδία·
623 1221 751 1270 αὐτοὶ
777 1219 870 1286 γὰρ
897 1223 938 1270 οἱ
974 1217 1261 1271 πεπονθότες
1291 1216 1574 1285 προσῄεσάν
1598 1240 1692 1281 μοι.
1710 1240 1744 1271 ¹5

111 1325 165 1366 33
181 1303 414 1367 βούλομαι
453 1303 500 1354 δέ
543 1303 636 1369 πρὸ
680 1303 856 1354 τούτων
901 1307 1042 1354 εἰπεῖν
1087 1301 1154 1356 οἶς
1197 1300 1508 1369 ἐπιχειρήσειν
1553 1301 1695 1352 αὐτὸν

179 1386 355 1451 ἀκήκοα
400 1387 640 1455 ἐξαπατᾶν
684 1389 813 1451 ὑμᾶς·
853 1386 960 1440 τοὺς
1004 1385 1096 1452 γὰρ
1140 1384 1255 1452 ὑπὲρ
1300 1384 1477 1436 τούτων
1520 1384 1694 1449 λόγους

176 1473 278 1533 ἐμοὶ
302 1470 386 1534 μὲν
413 1471 806 1536 ἀναγκαιοτάτους
844 1475 1081 1537 προειπεῖν
1106 1470 1321 1535 ἡγοῦμαι,
1350 1470 1456 1532 ὑμῖν
1492 1468 1542 1519 δὲ
1571 1491 1688 1535 χρη-

178 1552 472 1617 σιμωτάτους
509 1556 721 1606 ἀκοῦσαι.
763 1553 839 1605 διὰ
875 1556 955 1616 τίς
1001 1553 1070 1604 ὅτι
1111 1560 1194 1604 τοῦ
1235 1554 1416 1604 δικαίαν
1448 1554 1523 1603 καὶ
1564 1554 1693 1619 εὔορ-

177 1660 259 1687 κον
286 1637 454 1688 θέσθαι
491 1637 576 1702 τὴν
601 1641 772 1707 ψῆφον
805 1639 829 1688 ὁ
868 1637 1120 1691 ἢκωλύσας
1159 1637 1509 1706 ἐξαπατηθῆναι
1546 1634 1691 1702 λόγος
1704 1662 1745 1683 20

176 1718 321 1784 1)ὑμο”ις
372 1722 506 1775 οὗτος
555 1721 699 1775 α’ίτιος
750 1722 899 1772 ἔσται.
959 1720 1086 1772 πολὺ
1137 1720 1192 1784 δὴ
1236 1719 1451 1783 μάλιστα
1500 1718 1692 1770 πάντων

175 1804 325 1873 τούτῳ
351 1808 417 1873 τῷ
442 1803 574 1874 λόγῳ
599 1805 850 1872 προσέχειν
877 1807 994 1869 ὑμᾶς
1021 1809 1099 1867 δεῖ,
1126 1806 1202 1855 καὶ
1227 1808 1548 1867 μνημονεῦσαι
1577 1808 1689 1853 τοῦ·

106 1909 164 1951 34
175 1910 270 1950 τον,
306 1891 382 1938 καὶ
419 1887 538 1955 πρὸς
575 1889 776 1940 ἕκαστον
815 1891 1063 1951 οἀπαντᾶν,
1100 1887 1212 1939 ὅταν
1247 1886 1378 1940 οὗτος
1417 1885 1547 1953 λέγῃ.
1589 1885 1693 1936 ε”στι

175 1970 224 2021 δὲ
260 1977 449 2038 πρῶτον
482 1972 566 2035 μὲν
598 1975 741 2023 ἐκεῖνο
775 1974 857 2023 οὐκ
892 1971 1068 2036 ἄδηλος
1102 1974 1219 2037 ἐρῶν
1255 1972 1311 2039 ἐξ
1342 1969 1407 2021 ὧν
1448 1971 1540 2037 ἰδίᾳ
1573 1968 1692 2035 πρός

175 2078 302 2109 τινας
330 2055 468 2110 αὐτὸς
507 2055 688 2124 διεξιὼν
724 2054 1056 2121 ἀπηγγέλλετό
1091 2078 1183 2118 μοι,
1211 2056 1273 2107 ὡς
1311 2054 1437 2119 ε’ίπερ
1471 2052 1690 2116 ὀάληθῶς
1703 2079 1740 2110 25

175 2138 473 2190 ee'we7r6veew
522 2145 669 2189 ταῦτα
719 2137 750 2189 ἃ
790 2139 931 2203 λέγω,
977 2138 1105 2190 δίκας
1156 2138 1270 2189 ἰδίας
1322 2160 1400 2199 μοι
1449 2139 1691 2201 προσῆκεν

175 2223 300 2290 αὐτῷ
335 2228 514 2289 λαχεῖν,
541 2227 636 2273 τῶν
661 2221 746 2285 μὲν
774 2223 966 2285 ἱματίων
993 2224 1068 2272 καὶ
1099 2225 1192 2271 τῶν
1219 2225 1413 2287 χρυσῶν
1439 2219 1691 2288 στεφάνων

175 2309 258 2369 τῆς
293 2309 552 2374 διαφθορᾶς
591 2309 665 2357 καὶ
696 2309 779 2369 τῆς
816 2308 922 2372 περὶ
958 2305 1041 2356 τὸν
1076 2305 1220 2372 χορὸν
1246 2303 1424 2369 1Γποίσης
1462 2305 1690 2370 ἐπηρείας,

231 2424 249 2443 0
268 2417 464 2462 πομπεύσαι
485 2419 536 2465 ἐν]
561 2418 794 2462 πομπεύσαιεν
814 2432 871 2453 r.S.
997 2425 1015 2452 P
1035 2418 1137 2464 αὐτὰ]
1161 2419 1242 2452 αὐτὸ
1262 2431 1291 2452 r.
1417 2424 1437 2451 q
1458 2416 1614 2462 Μειδίας]
1639 2418 1691 2450 καὶ

176 2472 304 2516 μειδίας
326 2472 361 2506 S.
393 2474 444 2506 καὶ
464 2479 596 2518 puncto
616 2479 750 2507 notato.
879 2479 893 2497 Γ
912 2473 1020 2506 πάντα
1039 2471 1096 2517 γε]
1120 2487 1160 2517 γε
1178 2473 1287 2505 πάντα
1310 2471 1378 2505 P.r.
1510 2478 1524 2496 s
1545 2468 1690 2513 ἠδυνήθη

179 2526 436 2560 P.S.O.r.s.t.v.
468 2525 608 2569 ἐδυνήθη
629 2527 745 2571 vulgo,
763 2527 857 2571 quod
878 2538 982 2571 supra
1001 2538 1035 2570 p.
1053 2536 1142 2572 520,
1161 2532 1198 2572 5.
1219 2525 1377 2570 praebent
1398 2524 1515 2558 P.S.v.
1588 2525 1600 2549 ῑ
1620 2523 1688 2557 La-

176 2591 303 2613 cunam
332 2579 496 2612 indicavit
527 2580 786 2613 Buttmannus:
818 2580 859 2613 de
886 2591 955 2624 qua
980 2579 1057 2613 vide
1088 2591 1165 2624 quae
1195 2578 1229 2611 in
1258 2578 1485 2611 annotatione
1516 2576 1688 2610 dicentur.

175 2638 197 2657 Π
228 2629 323 2666 εἶπον
350 2632 384 2665 ἐν
411 2632 515 2677 ἀρχῇ]
550 2633 584 2665 ἐν
614 2632 702 2676 ἀρχῇ
729 2629 824 2666 εἶπον
848 2632 970 2666 Y.O.s.
1128 2637 1143 2653 Χ
1171 2630 1372 2675 συνείλοχα]
1408 2629 1590 2673 συνείλεχα
1622 2629 1688 2663 F.t.

176 2691 195 2719 Y
214 2686 318 2719 αὐτοῦ
338 2691 418 2731 post
438 2685 598 2730 πονηρίας
617 2686 731 2719 A.k.r.
753 2698 831 2719 cum
851 2700 906 2730 γρ.
929 2686 967 2719 F.
1112 2692 1128 2709 ⁷»
1148 2684 1280 2728 ἀτιμίας
1302 2683 1457 2718 P.S.Y.s.
1491 2682 1689 2728 Legebatur

175 2737 347 2784 πονηρίας,
375 2739 469 2784 quod
500 2751 541 2772 ex
572 2751 607 2783 p.
631 2749 718 2784 521,
751 2746 782 2785 7.
819 2739 966 2772 illatum.
1011 2736 1124 2783 ὕβρεις
1152 2738 1204 2771 καὶ
1234 2735 1366 2780 ἀτιμίας
1400 2735 1581 2780 conjunxit
1616 2735 1687 2769 De-

176 2793 377 2826 mosthenes
400 2805 430 2837 p.
459 2790 543 2838 296,
568 2803 626 2826 21.
649 2804 752 2837 quem
774 2793 889 2826 locum
912 2791 1094 2826 Scheibius
1113 2790 1336 2835 comparavit.
1473 2794 1490 2813 ὃ
1510 2787 1683 2834 κωλύσας]

175 2851 334 2897 κωλύσας
355 2860 398 2894 O.
429 2859 593 2894 κωλύσων
613 2872 638 2893 r.
750 2859 765 2881 ¹¹
785 2861 886 2905 ὑμᾶς]
912 2860 997 2903 ἡμᾶς
1016 2873 1045 2896 r.
1162 2866 1178 2885 0
1198 2857 1364 2905 ἀπαντᾶν]
1388 2858 1544 2892 ἁπάντων
1564 2857 1685 2892 Y.O.s.

175 2920 209 2948 ct
230 2927 281 2959 pr.
304 2927 332 2949 S.
499 2910 518 2938 (l
537 2913 686 2960 ἀληθῶς]
708 2913 832 2957 ἀληθὲς
853 2914 1012 2948 5.Ϊ.Ο.ε.
1183 2919 1197 2937 ⁰
1218 2911 1432 2958 ἐπεπόνθειν]
1456 2911 1637 2946 πεπόνθειν
1654 2922 1687 2945 v.

176 2964 190 2991 f
207 2968 336 3014 πάσης]
360 2967 494 3011 ἁπάσης
515 2967 617 3002 F.t.v.
