<?xml version="1.0" encoding="UTF-8"?>
<!DOCTYPE html PUBLIC "-//W3C//DTD XHTML 1.0 Transitional//EN"
    "http://www.w3.org/TR/xhtml1/DTD/xhtml1-transitional.dtd">
<html xmlns="http://www.w3.org/1999/xhtml" xml:lang="en" lang="en">
 <head>
  <title>
</title>
<meta http-equiv="Content-Type" content="text/html;charset=utf-8" />
  <meta name='ocr-system' content='tesseract 3.04.00' />
  <meta name='ocr-capabilities' content='ocr_page ocr_carea ocr_par ocr_line ocrx_word'/>
</head>
<body>
  <div class='ocr_page' id='page_1' title='image "./operaexrecension02demouoft_0012.png"; bbox 0 0 1954 3273; ppageno 0'>
   <div class='ocr_carea' id='block_1_1' title="bbox 229 137 1864 192">
    <p class='ocr_par' dir='ltr' id='par_1_1' title="bbox 229 137 1864 192">
     <span class='ocr_line' id='line_1_1' title="bbox 229 137 1864 192; baseline -0.003 -16"><span class='ocrx_word' id='word_1_1' title='bbox 229 137 312 180; x_wconf 76' lang='lat'>492</span> <span class='ocrx_word' id='word_1_2' title='bbox 769 139 1193 177; x_wconf 82' lang='grc' dir='ltr'>ΔΗΜΟΣΘΕΝΟΎΣ</span> <span class='ocrx_word' id='word_1_3' title='bbox 1376 138 1457 177; x_wconf 73' lang='grc' dir='ltr'>ΟΒ.</span> <span class='ocrx_word' id='word_1_4' title='bbox 1477 137 1591 176; x_wconf 91' lang='lat' dir='ltr'>XX.</span> <span class='ocrx_word' id='word_1_5' title='bbox 1613 151 1653 192; x_wconf 86' lang='lat' dir='ltr'>p.</span> <span class='ocrx_word' id='word_1_6' title='bbox 1669 146 1768 190; x_wconf 84' lang='lat'>459‚</span> <span class='ocrx_word' id='word_1_7' title='bbox 1789 151 1864 176; x_wconf 79' lang='lat'>1-</span> 
     </span>
    </p>
   </div>
   <div class='ocr_carea' id='block_1_2' title="bbox 229 246 1833 316">
    <p class='ocr_par' dir='ltr' id='par_1_2' title="bbox 229 246 1833 316">
     <span class='ocr_line' id='line_1_2' title="bbox 229 246 1833 316; baseline 0 -19"><span class='ocrx_word' id='word_1_8' title='bbox 229 269 295 301; x_wconf 91' lang='grc' dir='ltr'>οις</span> <span class='ocrx_word' id='word_1_9' title='bbox 323 246 619 310; x_wconf 82' lang='grc' dir='ltr'>ἀμειβόμενοι</span> <span class='ocrx_word' id='word_1_10' title='bbox 657 247 832 300; x_wconf 82' lang='grc' dir='ltr'>κακίας.</span> <span class='ocrx_word' id='word_1_11' title='bbox 873 247 974 316; x_wconf 79' lang='grc' dir='ltr'>ὅσῳ</span> <span class='ocrx_word' id='word_1_12' title='bbox 1009 247 1065 311; x_wconf 89' lang='grc' dir='ltr'>δὴ</span> <span class='ocrx_word' id='word_1_13' title='bbox 1101 252 1308 314; x_wconf 91' lang='grc' dir='ltr'>κρεῖττον</span> <span class='ocrx_word' id='word_1_14' title='bbox 1344 246 1483 311; x_wconf 82' lang='grc' dir='ltr'>εὐήθη</span> <span class='ocrx_word' id='word_1_15' title='bbox 1522 251 1672 298; x_wconf 86' lang='grc' dir='ltr'>δοκεῖν</span> <span class='ocrx_word' id='word_1_16' title='bbox 1707 247 1833 312; x_wconf 80' lang='grc' dir='ltr'>ἦ459</span> 
     </span>
    </p>
   </div>
   <div class='ocr_carea' id='block_1_3' title="bbox 1715 334 1733 353">
    <p class='ocr_par' dir='ltr' id='par_1_3' title="bbox 1715 334 1733 353">
     <span class='ocr_line' id='line_1_3' title="bbox 1715 334 1733 353; baseline 0 -2"><span class='ocrx_word' id='word_1_17' title='bbox 1715 334 1733 353; x_wconf 64' lang='grc' dir='ltr'>,Χ</span> 
     </span>
    </p>
   </div>
   <div class='ocr_carea' id='block_1_4' title="bbox 160 333 1790 2473">
    <p class='ocr_par' dir='ltr' id='par_1_4' title="bbox 228 333 1739 468">
     <span class='ocr_line' id='line_1_4' title="bbox 228 333 1739 404; baseline -0.001 -18"><span class='ocrx_word' id='word_1_18' title='bbox 228 334 435 399; x_wconf 79' lang='grc' dir='ltr'>πονηρὸν</span> <span class='ocrx_word' id='word_1_19' title='bbox 486 333 613 396; x_wconf 77' lang='grc' dir='ltr'>εἶναι,</span> <span class='ocrx_word' id='word_1_20' title='bbox 658 335 909 404; x_wconf 71' lang='grc' dir='ltr'>ΠΙτοσούτῳ</span> <span class='ocrx_word' id='word_1_21' title='bbox 949 341 1097 385; x_wconf 87' lang='grc' dir='ltr'>λῦσαι</span> <span class='ocrx_word' id='word_1_22' title='bbox 1141 334 1223 386; x_wconf 83' lang='grc' dir='ltr'>τὸν</span> <span class='ocrx_word' id='word_1_23' title='bbox 1274 334 1416 398; x_wconf 87' lang='grc' dir='ltr'>νόμον</span> <span class='ocrx_word' id='word_1_24' title='bbox 1465 334 1665 386; x_wconf 80' lang='grc' dir='ltr'>κάλλιον</span> <span class='ocrx_word' id='word_1_25' title='bbox 1709 359 1739 399; x_wconf 93' lang='grc' dir='ltr'>η</span> 
     </span>
     <span class='ocr_line' id='line_1_5' title="bbox 230 417 412 468; baseline -0.011 0"><span class='ocrx_word' id='word_1_26' title='bbox 230 417 412 468; x_wconf 76' lang='grc' dir='ltr'>θέσθαι.</span> 
     </span>
    </p>

    <p class='ocr_par' dir='ltr' id='par_1_5' title="bbox 191 497 1790 1063">
     <span class='ocr_line' id='line_1_6' title="bbox 191 497 1732 565; baseline 0 -15"><span class='ocrx_word' id='word_1_27' title='bbox 191 518 213 558; x_wconf 93' lang='grc'><strong><em>7</em></strong></span> <span class='ocrx_word' id='word_1_28' title='bbox 304 501 380 550; x_wconf 84' lang='grc' dir='ltr'>Οὐ</span> <span class='ocrx_word' id='word_1_29' title='bbox 405 500 559 550; x_wconf 82' lang='grc' dir='ltr'>τοίνυν</span> <span class='ocrx_word' id='word_1_30' title='bbox 597 500 753 564; x_wconf 63' lang='grc' dir='ltr'>ἔμοιγε</span> <span class='ocrx_word' id='word_1_31' title='bbox 791 501 883 550; x_wconf 83' lang='grc' dir='ltr'>οὐδ’</span> <span class='ocrx_word' id='word_1_32' title='bbox 912 501 1055 549; x_wconf 87' lang='grc' dir='ltr'>ἐκεῖνο</span> <span class='ocrx_word' id='word_1_33' title='bbox 1093 501 1304 564; x_wconf 76' lang='grc' dir='ltr'>εὔλογον,</span> <span class='ocrx_word' id='word_1_34' title='bbox 1332 497 1368 549; x_wconf 82' lang='grc' dir='ltr'>ῶ</span> <span class='ocrx_word' id='word_1_35' title='bbox 1394 500 1556 565; x_wconf 74' lang='grc' dir='ltr'>ἄνδρες</span> <span class='ocrx_word' id='word_1_36' title='bbox 1587 503 1732 563; x_wconf 82' lang='grc' dir='ltr'>Ἀθη·</span> 
     </span>
     <span class='ocr_line' id='line_1_7' title="bbox 229 581 1766 649; baseline -0.001 -17"><span class='ocrx_word' id='word_1_37' title='bbox 229 587 359 643; x_wconf 85' lang='grc' dir='ltr'>ναῖοι,</span> <span class='ocrx_word' id='word_1_38' title='bbox 392 582 698 649; x_wconf 78' lang='grc' dir='ltr'>σκοπουμένῳ</span> <span class='ocrx_word' id='word_1_39' title='bbox 738 582 964 649; x_wconf 85' lang='grc' dir='ltr'>φαίνεται,</span> <span class='ocrx_word' id='word_1_40' title='bbox 1004 581 1423 649; x_wconf 82' lang='grc' dir='ltr'>καταμεμφόμενόν</span> <span class='ocrx_word' id='word_1_41' title='bbox 1462 589 1624 635; x_wconf 75' lang='grc' dir='ltr'>“τινας</span> <span class='ocrx_word' id='word_1_42' title='bbox 1663 584 1766 632; x_wconf 78' lang='grc' dir='ltr'>ἐπὶ5</span> 
     </span>
     <span class='ocr_line' id='line_1_8' title="bbox 227 663 1738 730; baseline 0.001 -17"><span class='ocrx_word' id='word_1_43' title='bbox 227 669 328 716; x_wconf 89' lang='grc' dir='ltr'>ταῖς</span> <span class='ocrx_word' id='word_1_44' title='bbox 355 663 674 730; x_wconf 81' lang='grc' dir='ltr'>ὑπαρχούσαις</span> <span class='ocrx_word' id='word_1_45' title='bbox 701 666 891 728; x_wconf 79' lang='grc' dir='ltr'>δωρεαῖς</span> <span class='ocrx_word' id='word_1_46' title='bbox 911 663 1017 716; x_wconf 74' lang='grc' dir='ltr'>τοὺς</span> <span class='ocrx_word' id='word_1_47' title='bbox 1041 665 1304 730; x_wconf 79' lang='grc' dir='ltr'>χρησίμους</span> <span class='ocrx_word' id='word_1_48' title='bbox 1324 663 1461 717; x_wconf 74' lang='grc' dir='ltr'>ὄντας</span> <span class='ocrx_word' id='word_1_49' title='bbox 1480 669 1574 714; x_wconf 89' lang='grc' dir='ltr'>τῶν</span> <span class='ocrx_word' id='word_1_50' title='bbox 1592 669 1738 726; x_wconf 82' lang='grc' dir='ltr'>τιμῶν</span> 
     </span>
     <span class='ocr_line' id='line_1_9' title="bbox 228 744 1732 813; baseline 0 -18"><span class='ocrx_word' id='word_1_51' title='bbox 228 747 519 810; x_wconf 84' lang='grc' dir='ltr'>ἀποστερεῖν.</span> <span class='ocrx_word' id='word_1_52' title='bbox 565 749 602 794; x_wconf 76' lang='grc' dir='ltr'>εἰ</span> <span class='ocrx_word' id='word_1_53' title='bbox 627 744 720 810; x_wconf 82' lang='grc' dir='ltr'>γὰρ</span> <span class='ocrx_word' id='word_1_54' title='bbox 747 746 1062 811; x_wconf 84' lang='grc' dir='ltr'>ὑπαρχουσῶν</span> <span class='ocrx_word' id='word_1_55' title='bbox 1087 745 1264 795; x_wconf 86' lang='grc' dir='ltr'>τούτων</span> <span class='ocrx_word' id='word_1_56' title='bbox 1295 751 1472 813; x_wconf 84' lang='grc' dir='ltr'>φαῦλοι</span> <span class='ocrx_word' id='word_1_57' title='bbox 1510 748 1586 795; x_wconf 80' lang='grc' dir='ltr'>καὶ</span> <span class='ocrx_word' id='word_1_58' title='bbox 1619 745 1732 796; x_wconf 78' lang='grc' dir='ltr'>ἀνοί-</span> 
     </span>
     <span class='ocr_line' id='line_1_10' title="bbox 228 831 1738 900; baseline 0.001 -18"><span class='ocrx_word' id='word_1_59' title='bbox 228 833 325 900; x_wconf 83' lang='grc' dir='ltr'>ξιοί</span> <span class='ocrx_word' id='word_1_60' title='bbox 346 855 465 885; x_wconf 87' lang='grc' dir='ltr'>τινες</span> <span class='ocrx_word' id='word_1_61' title='bbox 502 831 622 882; x_wconf 77' lang='grc' dir='ltr'>κατὰ</span> <span class='ocrx_word' id='word_1_62' title='bbox 650 831 733 882; x_wconf 82' lang='grc' dir='ltr'>τὸν</span> <span class='ocrx_word' id='word_1_63' title='bbox 758 832 950 882; x_wconf 81' lang='grc' dir='ltr'>οτούτου</span> <span class='ocrx_word' id='word_1_64' title='bbox 976 831 1123 897; x_wconf 84' lang='grc' dir='ltr'>λόγον</span> <span class='ocrx_word' id='word_1_65' title='bbox 1149 835 1251 894; x_wconf 75' lang='grc' dir='ltr'>εἶσὶ,</span> <span class='ocrx_word' id='word_1_66' title='bbox 1278 834 1327 883; x_wconf 87' lang='grc' dir='ltr'>τί</span> <span class='ocrx_word' id='word_1_67' title='bbox 1348 832 1438 900; x_wconf 84' lang='grc' dir='ltr'>χρὴ</span> <span class='ocrx_word' id='word_1_68' title='bbox 1464 836 1738 897; x_wconf 83' lang='grc' dir='ltr'>προσδοκᾶν</span> 
     </span>
     <span class='ocr_line' id='line_1_11' title="bbox 227 914 1738 982; baseline 0.001 -17"><span class='ocrx_word' id='word_1_69' title='bbox 227 915 424 965; x_wconf 76' lang='grc' dir='ltr'>ἔσεσθαι</span> <span class='ocrx_word' id='word_1_70' title='bbox 461 915 578 976; x_wconf 85' lang='grc' dir='ltr'>τότε,</span> <span class='ocrx_word' id='word_1_71' title='bbox 607 914 721 965; x_wconf 78' lang='grc' dir='ltr'>ὅταν</span> <span class='ocrx_word' id='word_1_72' title='bbox 748 920 995 968; x_wconf 81' lang='grc' dir='ltr'>παντελῶς</span> <span class='ocrx_word' id='word_1_73' title='bbox 1029 915 1170 979; x_wconf 80' lang='grc' dir='ltr'>Ρμηδὲ</span> <span class='ocrx_word' id='word_1_74' title='bbox 1207 916 1355 966; x_wconf 79' lang='grc' dir='ltr'>πλέον</span> <span class='ocrx_word' id='word_1_75' title='bbox 1381 915 1563 982; x_wconf 55' lang='grc' dir='ltr'>Ἷμέλλῃ</span> <span class='ocrx_word' id='word_1_76' title='bbox 1595 915 1738 980; x_wconf 79' lang='grc' dir='ltr'>μηδὲν</span> 
     </span>
     <span class='ocr_line' id='line_1_12' title="bbox 227 995 1790 1063; baseline -0.002 -15"><span class='ocrx_word' id='word_1_77' title='bbox 227 995 339 1048; x_wconf 79' lang='grc' dir='ltr'>εἶναι</span> <span class='ocrx_word' id='word_1_78' title='bbox 364 1001 458 1050; x_wconf 89' lang='grc' dir='ltr'>τοῖς</span> <span class='ocrx_word' id='word_1_79' title='bbox 484 1002 711 1063; x_wconf 83' lang='grc' dir='ltr'>χρηστοῖς</span> <span class='ocrx_word' id='word_1_80' title='bbox 737 997 902 1056; x_wconf 75' lang='grc' dir='ltr'>οὖσινς</span> <span class='ocrx_word' id='word_1_81' title='bbox 1753 1016 1790 1037; x_wconf 90' lang='lat'>10</span> 
     </span>
    </p>

    <p class='ocr_par' dir='ltr' id='par_1_6' title="bbox 190 1079 1787 1723">
     <span class='ocr_line' id='line_1_13' title="bbox 190 1079 1739 1143; baseline -0.002 -11"><span class='ocrx_word' id='word_1_82' title='bbox 190 1093 212 1132; x_wconf 89' lang='lat'>8</span> <span class='ocrx_word' id='word_1_83' title='bbox 291 1079 404 1130; x_wconf 79' lang='grc' dir='ltr'>’Έτι</span> <span class='ocrx_word' id='word_1_84' title='bbox 442 1081 596 1130; x_wconf 83' lang='grc' dir='ltr'>τοίνυν</span> <span class='ocrx_word' id='word_1_85' title='bbox 635 1082 752 1143; x_wconf 82' lang='grc' dir='ltr'>ὑμᾶς</span> <span class='ocrx_word' id='word_1_86' title='bbox 790 1082 969 1130; x_wconf 88' lang='grc' dir='ltr'>κάκεῖνο</span> <span class='ocrx_word' id='word_1_87' title='bbox 1005 1082 1303 1143; x_wconf 85' lang='grc' dir='ltr'>ἐνθυμεῖσθαι</span> <span class='ocrx_word' id='word_1_88' title='bbox 1342 1082 1419 1141; x_wconf 86' lang='grc' dir='ltr'>δεῖ,</span> <span class='ocrx_word' id='word_1_89' title='bbox 1452 1079 1522 1130; x_wconf 80' lang='grc' dir='ltr'>ὅτι</span> <span class='ocrx_word' id='word_1_90' title='bbox 1556 1081 1606 1129; x_wconf 84' lang='grc' dir='ltr'>ἐκ</span> <span class='ocrx_word' id='word_1_91' title='bbox 1644 1084 1739 1130; x_wconf 88' lang='grc' dir='ltr'>τῶν</span> 
     </span>
     <span class='ocr_line' id='line_1_14' title="bbox 228 1161 1739 1228; baseline 0.002 -16"><span class='ocrx_word' id='word_1_92' title='bbox 228 1169 310 1213; x_wconf 87' lang='grc' dir='ltr'>νῦν</span> <span class='ocrx_word' id='word_1_93' title='bbox 335 1161 642 1228; x_wconf 88' lang='grc' dir='ltr'>ὑπαρχόντων</span> <span class='ocrx_word' id='word_1_94' title='bbox 669 1161 824 1225; x_wconf 91' lang='grc' dir='ltr'>νόμων</span> <span class='ocrx_word' id='word_1_95' title='bbox 859 1164 934 1212; x_wconf 80' lang='grc' dir='ltr'>καὶ</span> <span class='ocrx_word' id='word_1_96' title='bbox 961 1162 1113 1213; x_wconf 80' lang='grc' dir='ltr'>πάλαι</span> <span class='ocrx_word' id='word_1_97' title='bbox 1139 1163 1321 1228; x_wconf 83' lang='grc' dir='ltr'>κυρίων,</span> <span class='ocrx_word' id='word_1_98' title='bbox 1350 1162 1426 1215; x_wconf 72' lang='grc' dir='ltr'>οὓς</span> <span class='ocrx_word' id='word_1_99' title='bbox 1453 1163 1572 1212; x_wconf 58' lang='grc' dir='ltr'>ὀὐδ’</span> <span class='ocrx_word' id='word_1_100' title='bbox 1601 1162 1739 1215; x_wconf 81' lang='grc' dir='ltr'>αὐτὸς</span> 
     </span>
     <span class='ocr_line' id='line_1_15' title="bbox 226 1244 1733 1312; baseline -0.001 -17"><span class='ocrx_word' id='word_1_101' title='bbox 226 1246 360 1298; x_wconf 75' lang='grc' dir='ltr'>οὗτος</span> <span class='ocrx_word' id='word_1_102' title='bbox 398 1245 603 1295; x_wconf 84' lang='grc' dir='ltr'>ἀντείποι</span> <span class='ocrx_word' id='word_1_103' title='bbox 643 1245 700 1295; x_wconf 80' lang='grc' dir='ltr'>ἀν</span> <span class='ocrx_word' id='word_1_104' title='bbox 737 1244 802 1309; x_wconf 87' lang='grc' dir='ltr'>μὴ</span> <span class='ocrx_word' id='word_1_105' title='bbox 838 1246 938 1312; x_wconf 76' lang='grc' dir='ltr'>οὐχὶ</span> <span class='ocrx_word' id='word_1_106' title='bbox 973 1250 1129 1298; x_wconf 89' lang='grc' dir='ltr'>καλῶς</span> <span class='ocrx_word' id='word_1_107' title='bbox 1167 1246 1299 1312; x_wconf 74' lang='grc' dir='ltr'>ἔχειν,</span> <span class='ocrx_word' id='word_1_108' title='bbox 1337 1244 1543 1295; x_wconf 81' lang='grc' dir='ltr'>ἐνιαυτὸν</span> <span class='ocrx_word' id='word_1_109' title='bbox 1582 1247 1733 1295; x_wconf 88' lang='grc' dir='ltr'>διαλι-</span> 
     </span>
     <span class='ocr_line' id='line_1_16' title="bbox 224 1326 1738 1394; baseline -0.002 -15"><span class='ocrx_word' id='word_1_110' title='bbox 224 1328 327 1379; x_wconf 80' lang='grc' dir='ltr'>πὼν</span> <span class='ocrx_word' id='word_1_111' title='bbox 362 1330 560 1382; x_wconf 80' lang='grc' dir='ltr'>ἕκαστος</span> <span class='ocrx_word' id='word_1_112' title='bbox 595 1333 865 1394; x_wconf 77' lang='grc' dir='ltr'>λειτουργεῖ,</span> <span class='ocrx_word' id='word_1_113' title='bbox 906 1326 1030 1378; x_wconf 79' lang='grc' dir='ltr'>ὥστε</span> <span class='ocrx_word' id='word_1_114' title='bbox 1066 1335 1081 1354; x_wconf 69' lang='lat'>³</span> <span class='ocrx_word' id='word_1_115' title='bbox 1101 1328 1183 1378; x_wconf 81' lang='grc' dir='ltr'>τὸν</span> <span class='ocrx_word' id='word_1_116' title='bbox 1220 1327 1394 1391; x_wconf 83' lang='grc' dir='ltr'>ἥμισύν</span> <span class='ocrx_word' id='word_1_117' title='bbox 1428 1329 1527 1377; x_wconf 84' lang='grc' dir='ltr'>ἐστ’</span> <span class='ocrx_word' id='word_1_118' title='bbox 1568 1326 1738 1390; x_wconf 81' lang='grc' dir='ltr'>ἀτελὴς</span> 
     </span>
     <span class='ocr_line' id='line_1_17' title="bbox 224 1409 1787 1477; baseline -0.003 -16"><span class='ocrx_word' id='word_1_119' title='bbox 224 1417 307 1461; x_wconf 86' lang='grc' dir='ltr'>τοῦ</span> <span class='ocrx_word' id='word_1_120' title='bbox 347 1410 531 1477; x_wconf 90' lang='grc' dir='ltr'>χρόνου.</span> <span class='ocrx_word' id='word_1_121' title='bbox 573 1409 650 1462; x_wconf 76' lang='grc' dir='ltr'>εἶθ’</span> <span class='ocrx_word' id='word_1_122' title='bbox 693 1411 775 1475; x_wconf 57' lang='grc' dir='ltr'>ῑῆς</span> <span class='ocrx_word' id='word_1_123' title='bbox 814 1415 973 1461; x_wconf 76' lang='grc' dir='ltr'>“πᾶσι</span> <span class='ocrx_word' id='word_1_124' title='bbox 1014 1411 1204 1474; x_wconf 79' lang='grc' dir='ltr'>μέτεστι</span> <span class='ocrx_word' id='word_1_125' title='bbox 1241 1409 1294 1460; x_wconf 82' lang='grc' dir='ltr'>τὸ</span> <span class='ocrx_word' id='word_1_126' title='bbox 1339 1411 1486 1474; x_wconf 84' lang='grc' dir='ltr'>ἥμισυ</span> <span class='ocrx_word' id='word_1_127' title='bbox 1531 1412 1607 1459; x_wconf 82' lang='grc' dir='ltr'>καὶ</span> <span class='ocrx_word' id='word_1_128' title='bbox 1641 1415 1787 1467; x_wconf 78' lang='grc' dir='ltr'>τοῖςι5</span> 
     </span>
     <span class='ocr_line' id='line_1_18' title="bbox 225 1491 1739 1557; baseline 0 -15"><span class='ocrx_word' id='word_1_129' title='bbox 225 1494 330 1557; x_wconf 89' lang='grc' dir='ltr'>μηδ’</span> <span class='ocrx_word' id='word_1_130' title='bbox 375 1494 527 1543; x_wconf 84' lang='grc' dir='ltr'>ὁτιοῦν</span> <span class='ocrx_word' id='word_1_131' title='bbox 579 1491 758 1557; x_wconf 80' lang='grc' dir='ltr'>ἀγαθὸν</span> <span class='ocrx_word' id='word_1_132' title='bbox 800 1491 1108 1557; x_wconf 89' lang='grc' dir='ltr'>πεποιηκόσιν</span> <span class='ocrx_word' id='word_1_133' title='bbox 1150 1495 1280 1556; x_wconf 82' lang='grc' dir='ltr'>ὑμᾶς,</span> <span class='ocrx_word' id='word_1_134' title='bbox 1326 1492 1497 1556; x_wconf 87' lang='grc' dir='ltr'>ταύτης</span> <span class='ocrx_word' id='word_1_135' title='bbox 1538 1491 1644 1545; x_wconf 75' lang='grc' dir='ltr'>τοὺς</span> <span class='ocrx_word' id='word_1_136' title='bbox 1689 1493 1739 1542; x_wconf 78' lang='grc' dir='ltr'>εὖ</span> 
     </span>
     <span class='ocr_line' id='line_1_19' title="bbox 223 1573 1740 1643; baseline -0.002 -16"><span class='ocrx_word' id='word_1_137' title='bbox 223 1575 527 1639; x_wconf 84' lang='grc' dir='ltr'>ποιήσαντας,</span> <span class='ocrx_word' id='word_1_138' title='bbox 570 1583 590 1601; x_wconf 67' lang='lat' dir='ltr'>X</span> <span class='ocrx_word' id='word_1_139' title='bbox 608 1573 639 1625; x_wconf 76' lang='grc' dir='ltr'><em>ἃ</em></span> <span class='ocrx_word' id='word_1_140' title='bbox 680 1576 1079 1640; x_wconf 86' lang='grc' dir='ltr'>προστεθείκαμεν</span> <span class='ocrx_word' id='word_1_141' title='bbox 1120 1577 1312 1636; x_wconf 62' lang='grc' dir='ltr'>Υαύτοῖς,</span> <span class='ocrx_word' id='word_1_142' title='bbox 1358 1576 1485 1625; x_wconf 84' lang='grc' dir='ltr'>ταῦτ’</span> <span class='ocrx_word' id='word_1_143' title='bbox 1526 1575 1740 1643; x_wconf 72' lang='grc' dir='ltr'>Ζάφελώ-</span> 
     </span>
     <span class='ocr_line' id='line_1_20' title="bbox 223 1657 1736 1723; baseline -0.001 -15"><span class='ocrx_word' id='word_1_144' title='bbox 223 1663 374 1722; x_wconf 90' lang='grc' dir='ltr'>μεθα;</span> <span class='ocrx_word' id='word_1_145' title='bbox 415 1660 656 1721; x_wconf 88' lang='grc' dir='ltr'>μηδαμῶς·</span> <span class='ocrx_word' id='word_1_146' title='bbox 701 1659 805 1708; x_wconf 75' lang='grc' dir='ltr'>οὔτε</span> <span class='ocrx_word' id='word_1_147' title='bbox 837 1657 931 1723; x_wconf 81' lang='grc' dir='ltr'>γὰρ</span> <span class='ocrx_word' id='word_1_148' title='bbox 970 1658 1133 1712; x_wconf 75' lang='grc' dir='ltr'>ἄλλως</span> <span class='ocrx_word' id='word_1_149' title='bbox 1172 1658 1320 1708; x_wconf 79' lang='grc' dir='ltr'>καλὸν</span> <span class='ocrx_word' id='word_1_150' title='bbox 1359 1659 1454 1708; x_wconf 79' lang='grc' dir='ltr'>οὔθ’</span> <span class='ocrx_word' id='word_1_151' title='bbox 1484 1659 1589 1720; x_wconf 84' lang='grc' dir='ltr'>ὑμῖν</span> <span class='ocrx_word' id='word_1_152' title='bbox 1627 1657 1736 1722; x_wconf 80' lang='grc' dir='ltr'>πρέ-</span> 
     </span>
    </p>

    <p class='ocr_par' dir='ltr' id='par_1_7' title="bbox 186 1739 1790 2227">
     <span class='ocr_line' id='line_1_21' title="bbox 186 1739 1737 1807; baseline -0.001 -16"><span class='ocrx_word' id='word_1_153' title='bbox 186 1762 331 1803; x_wconf 86' lang='grc' dir='ltr'>9πον.</span> <span class='ocrx_word' id='word_1_154' title='bbox 375 1746 476 1794; x_wconf 90' lang='grc' dir='ltr'>πῶς</span> <span class='ocrx_word' id='word_1_155' title='bbox 514 1740 606 1807; x_wconf 78' lang='grc' dir='ltr'>γὰρ</span> <span class='ocrx_word' id='word_1_156' title='bbox 653 1743 734 1791; x_wconf 80' lang='grc' dir='ltr'>οὐκ</span> <span class='ocrx_word' id='word_1_157' title='bbox 778 1740 993 1807; x_wconf 80' lang='grc' dir='ltr'>αἰσχρὸν,</span> <span class='ocrx_word' id='word_1_158' title='bbox 1029 1739 1066 1790; x_wconf 74' lang='grc' dir='ltr'><em>ὦ</em></span> <span class='ocrx_word' id='word_1_159' title='bbox 1102 1741 1289 1806; x_wconf 57' lang='grc' dir='ltr'>ὃὸἷνδρες</span> <span class='ocrx_word' id='word_1_160' title='bbox 1324 1744 1577 1804; x_wconf 85' lang='grc' dir='ltr'>Ἀθηναῖοι,</span> <span class='ocrx_word' id='word_1_161' title='bbox 1618 1739 1737 1790; x_wconf 82' lang='grc' dir='ltr'>κατὰ</span> 
     </span>
     <span class='ocr_line' id='line_1_22' title="bbox 222 1822 1790 1892; baseline -0.001 -18"><span class='ocrx_word' id='word_1_162' title='bbox 222 1824 307 1887; x_wconf 81' lang='grc' dir='ltr'>μὲν</span> <span class='ocrx_word' id='word_1_163' title='bbox 333 1824 418 1888; x_wconf 88' lang='grc' dir='ltr'>τὴν</span> <span class='ocrx_word' id='word_1_164' title='bbox 444 1823 621 1890; x_wconf 78' lang='grc' dir='ltr'>ἀγορὰν</span> <span class='ocrx_word' id='word_1_165' title='bbox 654 1823 905 1892; x_wconf 52' lang='grc' dir='ltr'>ὺάψευδεῖν</span> <span class='ocrx_word' id='word_1_166' title='bbox 938 1823 1082 1887; x_wconf 89' lang='grc' dir='ltr'>νόμον</span> <span class='ocrx_word' id='word_1_167' title='bbox 1115 1823 1395 1891; x_wconf 78' lang='grc' dir='ltr'>γεγράφθαι,</span> <span class='ocrx_word' id='word_1_168' title='bbox 1422 1824 1516 1890; x_wconf 57' lang='grc' dir='ltr'>οέφ’</span> <span class='ocrx_word' id='word_1_169' title='bbox 1547 1822 1613 1876; x_wconf 76' lang='grc' dir='ltr'>οἷς</span> <span class='ocrx_word' id='word_1_170' title='bbox 1652 1824 1728 1873; x_wconf 82' lang='grc' dir='ltr'>οὐ·</span> <span class='ocrx_word' id='word_1_171' title='bbox 1749 1845 1790 1866; x_wconf 85' lang='lat'>²0</span> 
     </span>
     <span class='ocr_line' id='line_1_23' title="bbox 224 1910 1738 1980; baseline 0 -18"><span class='ocrx_word' id='word_1_172' title='bbox 224 1912 301 1962; x_wconf 75' lang='grc' dir='ltr'>δέν</span> <span class='ocrx_word' id='word_1_173' title='bbox 348 1915 450 1963; x_wconf 87' lang='grc' dir='ltr'>ἐστι</span> <span class='ocrx_word' id='word_1_174' title='bbox 496 1914 702 1980; x_wconf 78' lang='grc' dir='ltr'>δημοσίᾳ</span> <span class='ocrx_word' id='word_1_175' title='bbox 744 1912 932 1973; x_wconf 81' lang='grc' dir='ltr'>βλάβος</span> <span class='ocrx_word' id='word_1_176' title='bbox 977 1913 1020 1962; x_wconf 78' lang='grc' dir='ltr'>εἴ</span> <span class='ocrx_word' id='word_1_177' title='bbox 1058 1936 1128 1965; x_wconf 92' lang='grc' dir='ltr'>τις</span> <span class='ocrx_word' id='word_1_178' title='bbox 1168 1911 1441 1979; x_wconf 59' lang='grc' dir='ltr'>ἀψεύδεται,</span> <span class='ocrx_word' id='word_1_179' title='bbox 1486 1913 1533 1962; x_wconf 85' lang='grc' dir='ltr'>ἐν</span> <span class='ocrx_word' id='word_1_180' title='bbox 1578 1910 1627 1961; x_wconf 81' lang='grc' dir='ltr'>δὲ</span> <span class='ocrx_word' id='word_1_181' title='bbox 1671 1916 1738 1980; x_wconf 78' lang='grc' dir='ltr'>τῷ</span> 
     </span>
     <span class='ocr_line' id='line_1_24' title="bbox 223 1993 1740 2064; baseline -0.001 -19"><span class='ocrx_word' id='word_1_182' title='bbox 223 2000 360 2063; x_wconf 78' lang='grc' dir='ltr'>κοινῷ</span> <span class='ocrx_word' id='word_1_183' title='bbox 393 1995 457 2059; x_wconf 88' lang='grc' dir='ltr'>μὴ</span> <span class='ocrx_word' id='word_1_184' title='bbox 484 1998 692 2061; x_wconf 80' lang='grc' dir='ltr'>χρῆσθαι</span> <span class='ocrx_word' id='word_1_185' title='bbox 727 1998 794 2062; x_wconf 72' lang='grc' dir='ltr'>τῷ</span> <span class='ocrx_word' id='word_1_186' title='bbox 833 1993 960 2062; x_wconf 76' lang='grc' dir='ltr'>νόμῳ</span> <span class='ocrx_word' id='word_1_187' title='bbox 997 1995 1148 2064; x_wconf 78' lang='grc' dir='ltr'>τούτῳ</span> <span class='ocrx_word' id='word_1_188' title='bbox 1187 1994 1272 2057; x_wconf 87' lang='grc' dir='ltr'>τὴν</span> <span class='ocrx_word' id='word_1_189' title='bbox 1307 1993 1450 2044; x_wconf 90' lang='grc' dir='ltr'>πόλιν</span> <span class='ocrx_word' id='word_1_190' title='bbox 1485 1993 1569 2057; x_wconf 84' lang='grc' dir='ltr'>τὴν</span> <span class='ocrx_word' id='word_1_191' title='bbox 1595 1993 1740 2057; x_wconf 78' lang='grc' dir='ltr'>αὐτὴν</span> 
     </span>
     <span class='ocr_line' id='line_1_25' title="bbox 222 2076 1733 2145; baseline 0 -19"><span class='ocrx_word' id='word_1_192' title='bbox 222 2078 517 2145; x_wconf 77' lang='grc' dir='ltr'>ἐπιτάξασαν</span> <span class='ocrx_word' id='word_1_193' title='bbox 555 2082 650 2130; x_wconf 91' lang='grc' dir='ltr'>τοῖς</span> <span class='ocrx_word' id='word_1_194' title='bbox 686 2077 899 2138; x_wconf 84' lang='grc' dir='ltr'>ἰδιώταις,</span> <span class='ocrx_word' id='word_1_195' title='bbox 935 2076 1066 2126; x_wconf 79' lang='grc' dir='ltr'>ἀλλὰ</span> <span class='ocrx_word' id='word_1_196' title='bbox 1099 2076 1205 2129; x_wconf 78' lang='grc' dir='ltr'>τοὺς</span> <span class='ocrx_word' id='word_1_197' title='bbox 1244 2076 1425 2141; x_wconf 83' lang='grc' dir='ltr'>ἀγαθόν</span> <span class='ocrx_word' id='word_1_198' title='bbox 1456 2099 1500 2126; x_wconf 92' lang='grc' dir='ltr'>τι</span> <span class='ocrx_word' id='word_1_199' title='bbox 1538 2099 1733 2139; x_wconf 87' lang='grc' dir='ltr'>πεποιη-</span> 
     </span>
     <span class='ocr_line' id='line_1_26' title="bbox 223 2158 1737 2227; baseline -0.001 -17"><span class='ocrx_word' id='word_1_200' title='bbox 223 2160 362 2213; x_wconf 90' lang='grc' dir='ltr'>κότας</span> <span class='ocrx_word' id='word_1_201' title='bbox 400 2160 711 2227; x_wconf 75' lang='grc' dir='ltr'>ἐξαπατῆσαι,</span> <span class='ocrx_word' id='word_1_202' title='bbox 738 2160 814 2208; x_wconf 80' lang='grc' dir='ltr'>καὶ</span> <span class='ocrx_word' id='word_1_203' title='bbox 849 2159 975 2208; x_wconf 84' lang='grc' dir='ltr'>ταῦτ’</span> <span class='ocrx_word' id='word_1_204' title='bbox 1004 2160 1057 2209; x_wconf 80' lang='grc' dir='ltr'>οὐ</span> <span class='ocrx_word' id='word_1_205' title='bbox 1091 2158 1262 2224; x_wconf 77' lang='grc' dir='ltr'>μικρὰν</span> <span class='ocrx_word' id='word_1_206' title='bbox 1300 2158 1466 2223; x_wconf 75' lang='grc' dir='ltr'>ζημίαν</span> <span class='ocrx_word' id='word_1_207' title='bbox 1501 2159 1737 2226; x_wconf 86' lang='grc' dir='ltr'>ὀφλήσειν</span> 
     </span>
    </p>

    <p class='ocr_par' dir='ltr' id='par_1_8' title="bbox 160 2240 1785 2473">
     <span class='ocr_line' id='line_1_27' title="bbox 160 2240 1785 2307; baseline -0.001 -15"><span class='ocrx_word' id='word_1_208' title='bbox 160 2243 500 2306; x_wconf 78' lang='grc' dir='ltr'>Ῑομέλλουσαν</span> <span class='ocrx_word' id='word_1_209' title='bbox 522 2263 534 2303; x_wconf 85' lang='grc'>;</span> <span class='ocrx_word' id='word_1_210' title='bbox 581 2243 633 2292; x_wconf 82' lang='grc' dir='ltr'>οὐ</span> <span class='ocrx_word' id='word_1_211' title='bbox 658 2241 752 2306; x_wconf 80' lang='grc' dir='ltr'>γὰρ</span> <span class='ocrx_word' id='word_1_212' title='bbox 778 2245 815 2291; x_wconf 82' lang='grc' dir='ltr'>εἱ</span> <span class='ocrx_word' id='word_1_213' title='bbox 850 2240 915 2304; x_wconf 83' lang='grc' dir='ltr'>μὴ</span> <span class='ocrx_word' id='word_1_214' title='bbox 951 2241 1149 2307; x_wconf 82' lang='grc' dir='ltr'>χρήματ’</span> <span class='ocrx_word' id='word_1_215' title='bbox 1179 2241 1421 2292; x_wconf 82' lang='grc' dir='ltr'>ἀπόλλυτε</span> <span class='ocrx_word' id='word_1_216' title='bbox 1445 2240 1590 2304; x_wconf 88' lang='grc' dir='ltr'>μόνον</span> <span class='ocrx_word' id='word_1_217' title='bbox 1615 2265 1730 2292; x_wconf 91' lang='grc' dir='ltr'>σκε-</span> <span class='ocrx_word' id='word_1_218' title='bbox 1748 2267 1785 2298; x_wconf 84' lang='lat'>²5</span> 
     </span>
     <span class='ocr_line' id='line_1_28' title="bbox 221 2323 1729 2391; baseline -0.001 -16"><span class='ocrx_word' id='word_1_219' title='bbox 221 2326 375 2386; x_wconf 83' lang='grc' dir='ltr'>πτεόν,</span> <span class='ocrx_word' id='word_1_220' title='bbox 403 2325 512 2374; x_wconf 85' lang='grc' dir='ltr'>ἀλλ’</span> <span class='ocrx_word' id='word_1_221' title='bbox 541 2328 578 2374; x_wconf 76' lang='grc' dir='ltr'>εἰ</span> <span class='ocrx_word' id='word_1_222' title='bbox 604 2326 679 2374; x_wconf 80' lang='grc' dir='ltr'>καὶ</span> <span class='ocrx_word' id='word_1_223' title='bbox 706 2323 851 2391; x_wconf 74' lang='grc' dir='ltr'>δόξαν</span> <span class='ocrx_word' id='word_1_224' title='bbox 876 2323 1105 2389; x_wconf 84' lang='grc' dir='ltr'>χρηστὴν,</span> <span class='ocrx_word' id='word_1_225' title='bbox 1132 2326 1238 2389; x_wconf 76' lang='grc' dir='ltr'>περὶ</span> <span class='ocrx_word' id='word_1_226' title='bbox 1272 2324 1327 2388; x_wconf 82' lang='grc' dir='ltr'>ἧς</span> <span class='ocrx_word' id='word_1_227' title='bbox 1360 2328 1548 2386; x_wconf 84' lang='grc' dir='ltr'>μᾶλλον</span> <span class='ocrx_word' id='word_1_228' title='bbox 1575 2347 1729 2374; x_wconf 91' lang='grc' dir='ltr'>σπου-</span> 
     </span>
     <span class='ocr_line' id='line_1_29' title="bbox 223 2405 1738 2473; baseline -0.001 -15"><span class='ocrx_word' id='word_1_229' title='bbox 223 2408 378 2473; x_wconf 77' lang='grc' dir='ltr'>δάζετε</span> <span class='ocrx_word' id='word_1_230' title='bbox 418 2406 446 2470; x_wconf 79' lang='grc' dir='ltr'>ἢ</span> <span class='ocrx_word' id='word_1_231' title='bbox 488 2409 594 2471; x_wconf 79' lang='grc' dir='ltr'>περὶ</span> <span class='ocrx_word' id='word_1_232' title='bbox 634 2407 904 2473; x_wconf 79' lang='grc' dir='ltr'>χρημάτων,</span> <span class='ocrx_word' id='word_1_233' title='bbox 949 2409 1024 2457; x_wconf 75' lang='grc' dir='ltr'>καὶ</span> <span class='ocrx_word' id='word_1_234' title='bbox 1060 2408 1112 2457; x_wconf 83' lang='grc' dir='ltr'>οὐ</span> <span class='ocrx_word' id='word_1_235' title='bbox 1145 2405 1289 2470; x_wconf 90' lang='grc' dir='ltr'>μόνον</span> <span class='ocrx_word' id='word_1_236' title='bbox 1325 2408 1461 2470; x_wconf 81' lang='grc' dir='ltr'>ὑμεῖς,</span> <span class='ocrx_word' id='word_1_237' title='bbox 1495 2406 1625 2456; x_wconf 82' lang='grc' dir='ltr'>ἀλλὰ</span> <span class='ocrx_word' id='word_1_238' title='bbox 1663 2409 1738 2457; x_wconf 79' lang='grc' dir='ltr'>καὶ</span> 
     </span>
    </p>
   </div>
   <div class='ocr_carea' id='block_1_5' title="bbox 223 2562 1739 2819">
    <p class='ocr_par' dir='ltr' id='par_1_9' title="bbox 223 2562 1739 2819">
     <span class='ocr_line' id='line_1_30' title="bbox 279 2562 1739 2611; baseline -0.001 -14"><span class='ocrx_word' id='word_1_239' title='bbox 279 2570 309 2589; x_wconf 80' lang='lat' dir='ltr'>m</span> <span class='ocrx_word' id='word_1_240' title='bbox 325 2563 499 2611; x_wconf 76' lang='grc' dir='ltr'>τοσούτῳ]</span> <span class='ocrx_word' id='word_1_241' title='bbox 525 2567 691 2598; x_wconf 79' lang='grc' dir='ltr'>τοσοῦτον</span> <span class='ocrx_word' id='word_1_242' title='bbox 711 2577 737 2598; x_wconf 89' lang='lat' dir='ltr'>s.</span> <span class='ocrx_word' id='word_1_243' title='bbox 850 2570 869 2589; x_wconf 71' lang='grc' dir='ltr'>Π</span> <span class='ocrx_word' id='word_1_244' title='bbox 889 2564 998 2610; x_wconf 84' lang='grc' dir='ltr'>τινας]</span> <span class='ocrx_word' id='word_1_245' title='bbox 1024 2564 1103 2599; x_wconf 81' lang='grc' dir='ltr'>τοὺς</span> <span class='ocrx_word' id='word_1_246' title='bbox 1124 2563 1313 2597; x_wconf 87' lang='lat' dir='ltr'>S.Y.O.r.s.</span> <span class='ocrx_word' id='word_1_247' title='bbox 1414 2569 1432 2587; x_wconf 91' lang='lat'>0</span> <span class='ocrx_word' id='word_1_248' title='bbox 1451 2562 1591 2608; x_wconf 74' lang='grc' dir='ltr'>τούτου]</span> <span class='ocrx_word' id='word_1_249' title='bbox 1610 2562 1739 2596; x_wconf 70' lang='grc' dir='ltr'>τούτων</span> 
     </span>
     <span class='ocr_line' id='line_1_31' title="bbox 225 2615 1737 2660; baseline -0.001 -10"><span class='ocrx_word' id='word_1_250' title='bbox 225 2616 535 2651; x_wconf 83' lang='lat' dir='ltr'><strong>A.S.Y.O.k.r.s.t.</strong></span> <span class='ocrx_word' id='word_1_251' title='bbox 607 2625 627 2653; x_wconf 78' lang='lat' dir='ltr'>P</span> <span class='ocrx_word' id='word_1_252' title='bbox 645 2618 728 2660; x_wconf 72' lang='grc' dir='ltr'>μηδὲ</span> <span class='ocrx_word' id='word_1_253' title='bbox 750 2617 867 2650; x_wconf 80' lang='lat' dir='ltr'>addidi</span> <span class='ocrx_word' id='word_1_254' title='bbox 887 2629 929 2651; x_wconf 76' lang='lat' dir='ltr'>ex</span> <span class='ocrx_word' id='word_1_255' title='bbox 951 2617 988 2651; x_wconf 84' lang='lat' dir='ltr'>S.</span> <span class='ocrx_word' id='word_1_256' title='bbox 1057 2622 1076 2649; x_wconf 76' lang='lat' dir='ltr'><strong>q</strong></span> <span class='ocrx_word' id='word_1_257' title='bbox 1096 2618 1206 2659; x_wconf 81' lang='grc' dir='ltr'>μέλλῃ</span> <span class='ocrx_word' id='word_1_258' title='bbox 1227 2628 1296 2649; x_wconf 90' lang='lat' dir='ltr'>om.</span> <span class='ocrx_word' id='word_1_259' title='bbox 1315 2615 1359 2649; x_wconf 90' lang='grc' dir='ltr'>Ο.</span> <span class='ocrx_word' id='word_1_260' title='bbox 1429 2622 1444 2640; x_wconf 88' lang='lat'>¹&#39;</span> <span class='ocrx_word' id='word_1_261' title='bbox 1462 2615 1737 2649; x_wconf 63' lang='grc' dir='ltr'>οὐδ’-ἀντείποι</span> 
     </span>
     <span class='ocr_line' id='line_1_32' title="bbox 223 2667 1738 2714; baseline -0.001 -12"><span class='ocrx_word' id='word_1_262' title='bbox 223 2667 265 2702; x_wconf 82' lang='grc' dir='ltr'>ἂν</span> <span class='ocrx_word' id='word_1_263' title='bbox 283 2668 346 2714; x_wconf 84' lang='grc' dir='ltr'>μὴ]</span> <span class='ocrx_word' id='word_1_264' title='bbox 371 2668 440 2702; x_wconf 80' lang='grc' dir='ltr'>οὐδ’</span> <span class='ocrx_word' id='word_1_265' title='bbox 463 2668 707 2703; x_wconf 76' lang='grc' dir='ltr'>ἂν-ἇντείποι</span> <span class='ocrx_word' id='word_1_266' title='bbox 726 2670 770 2712; x_wconf 83' lang='grc' dir='ltr'>μὴ</span> <span class='ocrx_word' id='word_1_267' title='bbox 791 2671 864 2704; x_wconf 68' lang='lat' dir='ltr'>As.</span> <span class='ocrx_word' id='word_1_268' title='bbox 1008 2674 1022 2693; x_wconf 78' lang='lat'>³</span> <span class='ocrx_word' id='word_1_269' title='bbox 1042 2670 1102 2702; x_wconf 82' lang='grc' dir='ltr'>τὸν</span> <span class='ocrx_word' id='word_1_270' title='bbox 1121 2668 1261 2713; x_wconf 76' lang='grc' dir='ltr'>ἥμισύν]</span> <span class='ocrx_word' id='word_1_271' title='bbox 1286 2669 1345 2701; x_wconf 85' lang='grc' dir='ltr'>τὸν</span> <span class='ocrx_word' id='word_1_272' title='bbox 1364 2667 1469 2711; x_wconf 77' lang='grc' dir='ltr'>ἥμισύ</span> <span class='ocrx_word' id='word_1_273' title='bbox 1490 2668 1533 2702; x_wconf 91' lang='grc' dir='ltr'>Ο.</span> <span class='ocrx_word' id='word_1_274' title='bbox 1574 2669 1613 2701; x_wconf 84' lang='grc' dir='ltr'>τὸ</span> <span class='ocrx_word' id='word_1_275' title='bbox 1633 2668 1738 2711; x_wconf 78' lang='grc' dir='ltr'>ἥμισυ</span> 
     </span>
     <span class='ocr_line' id='line_1_33' title="bbox 224 2719 1737 2767; baseline -0.001 -12"><span class='ocrx_word' id='word_1_276' title='bbox 224 2722 335 2755; x_wconf 86' lang='lat' dir='ltr'><strong>A.k.r.</strong></span> <span class='ocrx_word' id='word_1_277' title='bbox 419 2720 433 2746; x_wconf 66' lang='lat' dir='ltr'><strong>t</strong></span> <span class='ocrx_word' id='word_1_278' title='bbox 453 2721 507 2767; x_wconf 82' lang='grc' dir='ltr'>ἧς]</span> <span class='ocrx_word' id='word_1_279' title='bbox 533 2719 580 2756; x_wconf 80' lang='grc' dir='ltr'>οἷς</span> <span class='ocrx_word' id='word_1_280' title='bbox 600 2728 626 2755; x_wconf 90' lang='lat' dir='ltr'>t.</span> <span class='ocrx_word' id='word_1_281' title='bbox 700 2727 721 2746; x_wconf 76' lang='lat' dir='ltr'>u</span> <span class='ocrx_word' id='word_1_282' title='bbox 740 2721 844 2767; x_wconf 79' lang='grc' dir='ltr'>πᾶσι]</span> <span class='ocrx_word' id='word_1_283' title='bbox 868 2721 975 2755; x_wconf 83' lang='grc' dir='ltr'>ἅπασι</span> <span class='ocrx_word' id='word_1_284' title='bbox 995 2722 1075 2755; x_wconf 85' lang='lat' dir='ltr'><strong>A.k.</strong></span> <span class='ocrx_word' id='word_1_285' title='bbox 1151 2727 1170 2745; x_wconf 73' lang='lat' dir='ltr'>X</span> <span class='ocrx_word' id='word_1_286' title='bbox 1189 2719 1357 2754; x_wconf 71' lang='lat' dir='ltr'>c‘z—rafir&#39;</span> <span class='ocrx_word' id='word_1_287' title='bbox 1381 2721 1415 2754; x_wconf 90' lang='lat' dir='ltr'>S.</span> <span class='ocrx_word' id='word_1_288' title='bbox 1448 2721 1647 2766; x_wconf 81' lang='lat' dir='ltr'>Legebatur</span> <span class='ocrx_word' id='word_1_289' title='bbox 1666 2720 1737 2753; x_wconf 74' lang='lat'>5-</span> 
     </span>
     <span class='ocr_line' id='line_1_34' title="bbox 224 2773 1737 2819; baseline 0.001 -13"><span class='ocrx_word' id='word_1_290' title='bbox 224 2773 328 2808; x_wconf 67' lang='lat' dir='ltr'>roszr&#39;.</span> <span class='ocrx_word' id='word_1_291' title='bbox 426 2779 444 2806; x_wconf 76' lang='lat' dir='ltr'><em>Y</em></span> <span class='ocrx_word' id='word_1_292' title='bbox 464 2774 594 2819; x_wconf 82' lang='grc' dir='ltr'>αὐτοῖς]</span> <span class='ocrx_word' id='word_1_293' title='bbox 615 2774 711 2807; x_wconf 79' lang='grc' dir='ltr'>αὐτοὶ</span> <span class='ocrx_word' id='word_1_294' title='bbox 730 2775 840 2808; x_wconf 84' lang='lat' dir='ltr'><strong>A.k.r.</strong></span> <span class='ocrx_word' id='word_1_295' title='bbox 938 2779 955 2798; x_wconf 74' lang='grc' dir='ltr'><strong><em>Ζ</em></strong></span> <span class='ocrx_word' id='word_1_296' title='bbox 976 2773 1199 2819; x_wconf 80' lang='grc' dir='ltr'>ἀφελώμεθα]</span> <span class='ocrx_word' id='word_1_297' title='bbox 1223 2773 1421 2816; x_wconf 82' lang='grc' dir='ltr'>ἀφελόμεθα</span> <span class='ocrx_word' id='word_1_298' title='bbox 1441 2774 1483 2808; x_wconf 78' lang='grc' dir='ltr'>Α.</span> <span class='ocrx_word' id='word_1_299' title='bbox 1583 2779 1601 2798; x_wconf 78' lang='lat' dir='ltr'>a</span> <span class='ocrx_word' id='word_1_300' title='bbox 1619 2773 1737 2819; x_wconf 75' lang='grc' dir='ltr'>ἄνδρες</span> 
     </span>
    </p>
   </div>
   <div class='ocr_carea' id='block_1_6' title="bbox 225 2826 1734 2949">
    <p class='ocr_par' dir='ltr' id='par_1_10' title="bbox 225 2826 1734 2949">
     <span class='ocr_line' id='line_1_35' title="bbox 225 2826 1734 2896; baseline 0 -13"><span class='ocrx_word' id='word_1_301' title='bbox 225 2862 295 2884; x_wconf 78' lang='lat' dir='ltr'>om.</span> <span class='ocrx_word' id='word_1_302' title='bbox 318 2852 354 2884; x_wconf 89' lang='lat' dir='ltr'>k.</span> <span class='ocrx_word' id='word_1_303' title='bbox 377 2826 402 2886; x_wconf 65' lang='lat'><em>3</em></span> <span class='ocrx_word' id='word_1_304' title='bbox 423 2852 477 2892; x_wconf 73' lang='lat' dir='ltr'>A„</span> <span class='ocrx_word' id='word_1_305' title='bbox 498 2856 537 2885; x_wconf 81' lang='lat' dir='ltr'>ut</span> <span class='ocrx_word' id='word_1_306' title='bbox 556 2852 776 2896; x_wconf 83' lang='lat' dir='ltr'><strong>plerumque.</strong></span> <span class='ocrx_word' id='word_1_307' title='bbox 891 2848 911 2876; x_wconf 83' lang='lat' dir='ltr'>b</span> <span class='ocrx_word' id='word_1_308' title='bbox 930 2850 1111 2896; x_wconf 65' lang='grc' dir='ltr'>ἀψευδεῖν]</span> <span class='ocrx_word' id='word_1_309' title='bbox 1133 2835 1297 2896; x_wconf 63' lang='grc' dir='ltr'>ἅψευδέιν</span> <span class='ocrx_word' id='word_1_310' title='bbox 1314 2851 1352 2885; x_wconf 80' lang='lat' dir='ltr'>F.</span> <span class='ocrx_word' id='word_1_311' title='bbox 1383 2851 1517 2895; x_wconf 65' lang='grc' dir='ltr'>ἀψευδῆ</span> <span class='ocrx_word' id='word_1_312' title='bbox 1539 2852 1604 2885; x_wconf 66' lang='lat' dir='ltr'>ks.</span> <span class='ocrx_word' id='word_1_313' title='bbox 1626 2857 1660 2885; x_wconf 81' lang='lat' dir='ltr'>et</span> <span class='ocrx_word' id='word_1_314' title='bbox 1679 2864 1734 2895; x_wconf 75' lang='grc' dir='ltr'>γρ.</span> 
     </span>
     <span class='ocr_line' id='line_1_36' title="bbox 228 2901 1715 2949; baseline -0.001 -12"><span class='ocrx_word' id='word_1_315' title='bbox 228 2902 262 2935; x_wconf 86' lang='lat' dir='ltr'>S.</span> <span class='ocrx_word' id='word_1_316' title='bbox 284 2909 318 2937; x_wconf 86' lang='lat' dir='ltr'>et</span> <span class='ocrx_word' id='word_1_317' title='bbox 338 2910 515 2939; x_wconf 83' lang='lat' dir='ltr'><strong>correctus</strong></span> <span class='ocrx_word' id='word_1_318' title='bbox 536 2904 574 2938; x_wconf 79' lang='lat' dir='ltr'>A.</span> <span class='ocrx_word' id='word_1_319' title='bbox 668 2910 684 2930; x_wconf 80' lang='lat'><strong>⁰</strong></span> <span class='ocrx_word' id='word_1_320' title='bbox 705 2902 777 2948; x_wconf 79' lang='grc' dir='ltr'>ἐφ’]</span> <span class='ocrx_word' id='word_1_321' title='bbox 802 2904 836 2937; x_wconf 83' lang='grc' dir='ltr'>ἐν</span> <span class='ocrx_word' id='word_1_322' title='bbox 854 2905 933 2938; x_wconf 80' lang='lat' dir='ltr'>A.k.</span> <span class='ocrx_word' id='word_1_323' title='bbox 1027 2901 1045 2928; x_wconf 81' lang='lat' dir='ltr'>d</span> <span class='ocrx_word' id='word_1_324' title='bbox 1065 2903 1230 2949; x_wconf 78' lang='grc' dir='ltr'>ψεύδεται</span> <span class='ocrx_word' id='word_1_325' title='bbox 1252 2905 1286 2938; x_wconf 85' lang='lat' dir='ltr'>S.</span> <span class='ocrx_word' id='word_1_326' title='bbox 1319 2904 1516 2949; x_wconf 82' lang='lat' dir='ltr'><strong>Legebatur</strong></span> <span class='ocrx_word' id='word_1_327' title='bbox 1535 2903 1715 2948; x_wconf 75' lang='grc' dir='ltr'>ψεύσεται,</span> 
     </span>
    </p>
   </div>
  </div>
 </body>
</html>
