1954 3273
73 199 227 241 —702‚
245 205 298 229 28.
664 192 809 231 KATA
839 191 1241 230 ΤΙΜΟΚΡΑΤΟὙΣ.
1632 192 1713 234 733

196 302 343 367 ἦλθεν
381 303 504 366 ὁδὸν,
535 304 622 369 οὐχ
656 303 726 354 ὅτι
763 307 857 354 τῶν
895 303 1045 354 ὅντων
1082 302 1166 353 (ἳᾶν
1204 302 1571 369 “’ἀπεστερήμην,
1597 305 1710 355 ἀλλ’
1727 322 1807 364 702

199 389 296 439 οὐδ’
336 387 393 438 ἂν
428 386 543 453 ἔζην,
582 388 679 438 οὐδ’
716 385 741 438 ὃ
781 386 936 437 κοινὸν
975 384 1155 437 ἅπασίν
1191 387 1336 450 ἐστιν,
1375 389 1712 453 ἀπαλλαγῆναι

162 478 283 531 9τοῦ
325 472 447 534 βίου,
492 470 653 540 ῥᾴδιον
694 469 753 534 ἧν
796 470 854 521 ἄν
898 482 1023 535 5μοι.
1078 470 1408 532 αἰτιασάμενος
1452 469 1545 536 γάρ
1585 493 1642 533 με
1684 467 1716 519 ἃ

198 556 297 606 ἴκαὶ
324 556 479 621 λέγειν
505 556 563 606 ἄν
593 578 663 609 τις
701 540 940 619 ὀκνήσεῖεν
967 555 1015 605 εὖ
1047 558 1250 622 φρονῶν,
1275 553 1358 605 τὸν
1384 556 1584 618 ἐμαυτοῦ
1613 577 1709 606 πα·
1726 576 1743 607 5

199 639 311 705 τέρα
349 640 412 692 ὡς
456 638 701 701 ἀπέκτονα,
726 638 978 699 “ἀσεβείας
1019 636 1211 706 γραφὴν
1256 637 1616 691 κατασκευάσας
1654 641 1714 691 εἰς

199 724 361 788 ἀγῶνα
405 723 709 787 κατέστησεν.
749 724 798 773 ἐν
833 722 882 773 δὲ
919 722 1070 792 τούτῳ
1101 721 1155 773 τὸ
1196 722 1411 786 πέμπτον
1445 722 1583 788 με’ρος
1621 727 1716 773 τῶν

198 807 381 876 ψήφων
419 807 507 858 X01)
541 804 825 870 μεταλαβών
863 804 998 875 ὦφλε
1033 807 1202 873 χιλίας,
1237 805 1329 872 ἐγώ
1366 810 1422 868 δ’,
1456 804 1620 873 ὥσπερ
1657 805 1715 871 ἧν

198 890 387 953 δίκαιον,
427 889 641 954 μάλιστα
677 889 762 953 μὲν
803 889 879 940 διὰ
917 888 1025 943 τοὺς
1066 889 1211 953 θεοὺς,
1246 889 1402 941 ἔπειτα
1436 888 1484 941 δὲ
1526 892 1603 941 καὶ
1639 890 1715 942 διὰ

135 972 306 1028 Ῑοτοὺς
331 973 624 1040 Υδικάζοντας
663 975 791 1038 ὑμῶν
825 973 1026 1037 ἐσώθην.
1068 971 1151 1024 τὸν
1184 972 1267 1037 Ζδὴ
1294 977 1356 1027 εἷς
1393 979 1584 1024 τοιαῦτα
1621 997 1708 1024 κα·
1730 999 1768 1021 10

196 1056 509 1122 ταστῆσαντά
570 1061 620 1121 μ’
673 1057 842 1111 ἀδίκως
891 1057 1212 1108 ἀδιάλλακτον
1263 1056 1432 1124 ἐχθρὸν
1481 1056 1708 1123 ἡγούμην.

197 1142 307 1194 ἷδών
345 1145 386 1192 δ’
423 1141 674 1207 ἠδικηκότα
712 1146 841 1210 κοινῇ
879 1146 1041 1192 πᾶσαν
1076 1141 1162 1205 τὴν
1200 1141 1343 1193 πόλιν
1381 1143 1456 1192 καὶ
1489 1144 1594 1209 περὶ
1627 1141 1714 1205 τὴν

195 1225 445 1293 εἴσπραξιν
471 1230 565 1276 τῶν
599 1229 839 1293 εἰσφορῶν
869 1227 945 1276 καὶ
976 1228 1083 1290 περὶ
1117 1223 1203 1288 τὴν
1228 1224 1422 1287 ποίησιν
1456 1229 1551 1275 τῶν
1581 1247 1709 1288 πομ-

194 1308 350 1369 πείων,
383 1310 458 1359 καὶ
495 1307 716 1375 χρήματα
753 1306 920 1358 πολλὰ
956 1310 1039 1371 τῆς
1075 1311 1181 1358 θεοῦ
1220 1309 1296 1357 καὶ
1329 1312 1424 1358 τῶν
1457 1306 1712 1370 ἐπωνύμων
1728 1331 1764 1364 15

196 1392 305 1442 ἢκαὶ
348 1394 431 1455 τῆς
473 1391 659 1444 πόλεως
707 1391 875 1457 ἔχοντα
925 1392 1001 1441 καὶ
1052 1392 1134 1441 οὐκ
1184 1389 1518 1453 ὓάποδιδόντα,
1561 1390 1712 1455 ἦλθον

195 1477 267 1528 ἐπ’
307 1474 449 1526 αὐτὸν
480 1480 580 1539 μετ’
621 1474 938 1539 Εὐκτήμονος,
981 1475 1235 1540 ἡγούμενος
1274 1473 1550 1541 ἁρμόττοντ’
1587 1479 1712 1540 εἰλη-

907 1558 918 1575 Ι

197 1559 332 1627 φέναι
368 1558 528 1625 καιρὸν
554 1565 636 1610 τοῦ
674 1562 914 1623 βοηθῆσαι
950 1559 1015 1609 οθ’
1045 1557 1142 1622 ἅμα
1178 1563 1237 1626 τῇ
1274 1558 1413 1609 πόλει
1450 1560 1526 1610 καὶ
1562 1582 1707 1623 τιμω-

582 1641 601 1669 (1

134 1665 179 1692 11
196 1644 301 1710 ρίαν
337 1643 450 1709 ὑπὲρ
483 1641 547 1693 ὧν
607 1642 877 1694 ἐπεπόνθειν
912 1647 1092 1703 λαβεῖν.
1138 1642 1403 1707 βουλοίμην
1442 1645 1482 1692 δ’
1510 1641 1567 1693 ἂν
1602 1643 1767 1707 θέμέκο

195 1750 245 1778 τε
282 1732 438 1794 τυχεῖν
471 1725 535 1776 ὧν
560 1725 809 1790 βούλομαι,
835 1723 1001 1776 τοῦτόν
1035 1747 1084 1774 τε
1120 1727 1287 1775 παθεῖν
1323 1723 1387 1774 ὧν
1421 1723 1552 1792 ἄξιός
1589 1725 1707 1776 ἐστι.

194 1816 277 1862 τοῦ
320 1810 367 1861 δὲ
405 1809 683 1876 πράγματος
730 1809 876 1860 οὐκέτ’
918 1807 1052 1861 ὄντος
1097 1809 1542 1875 ἀμφισβητησίμου,
1581 1808 1712 1859 ἀλλὰ

544 1892 558 1920 f

193 1899 383 1961 πρῶτον
422 1893 506 1956 μὲν
570 1896 652 1956 τῆς
689 1895 869 1956 βουλῆς
913 1893 1264 1957 κατεγνωκυίας,
1300 1890 1398 1942 εἶτα
1435 1898 1518 1943 τοῦ
1561 1891 1710 1957 δήμου

193 1978 305 2042 μίαν
329 1978 505 2044 ἡμέραν
532 1976 650 2040 ὅλην
677 1978 750 2027 ἐπὶ
783 1975 962 2029 τούτοις
999 1977 1180 2029 ἕαύτοῖς
1213 1976 1564 2041 ἀναλώσαντος,
1589 1977 1708 2045 πρὸς

194 2061 242 2112 δὲ
267 2062 446 2114 τούτοις
473 2060 790 2126 δικαστηρίοιν
817 2063 943 2110 δυοῖν
977 2063 1037 2112 εἷς
1075 2060 1155 2110 ἕνα
1193 2062 1267 2111 καὶ
1303 2061 1484 2128 χιλίους
1521 2063 1700 2130 ἐψηφι-
1721 2083 1760 2114 25

193 2144 395 2208 σμένων,
429 2143 624 2208 ἐνούσης
663 2142 710 2194 δὲ
748 2144 961 2207 οὐδεμιᾶς
995 2145 1057 2193 ἔτ’
1084 2145 1397 2212 ἀποστροφῆς
1434 2150 1516 2195 τοῦ
1548 2144 1613 2210 μὴ
1649 2144 1708 2196 τὰ

132 2228 392 2296 ηχρήματ’
422 2228 542 2295 ἔχειν
581 2229 709 2291 ὑμᾶς,
738 2226 1037 2294 Τιμοκράτης
1075 2229 1235 2279 οὑτοσὶ
1273 2228 1492 2280 ὴτοσοῦθ
1522 2231 1702 2296 ὑπερεῖ-

195 2316 272 2364 δεν
298 2310 484 2364 ἅπαντα
509 2310 568 2362 τὰ
592 2309 851 2377 πράγματα
876 2310 1000 2363 ὥστε
1029 2312 1190 2376 τίθησι
1224 2315 1407 2364 τουτονὶ
1441 2312 1524 2365 τὸν
1550 2314 1707 2377 νόμον,

248 2496 266 2524 (1
288 2487 328 2522 ἂν
347 2500 418 2523 om.
440 2487 616 2525 F.S.Y.o1
637 2492 719 2532 post
737 2486 974 2534 ἀπεστερήμην
993 2489 1093 2535 ponit
1112 2502 1144 2525 v.
1175 2490 1218 2524 In
1236 2502 1347 2537 marg.
1366 2490 1399 2525 S.
1422 2495 1630 2525 annotatum
1649 2504 1704 2537 γρ.

1241 2560 1246 2572 ι
1411 2550 1423 2571 ς

194 2576 311 2619 ουχότι
330 2577 396 2607 τῶν
416 2575 522 2607 όντων
542 2576 581 2607 ὰν
596 2574 842 2619 (ιπεστερὴθην.
921 2583 936 2601 1'
954 2575 1207 2623 ἀπεστερήμην]
1232 2576 1469 2623 ἀπεστέρήμην
1490 2578 1525 2611 S.
1557 2578 1705 2623 Signum

194 2628 302 2661 literae
331 2642 356 2670 μ
376 2627 650 2673 superscriptum
683 2628 740 2670 (ab
767 2629 834 2662 alia
865 2642 969 2663 manu
1001 2643 1105 2675 quam
1135 2644 1213 2677 quae
1235 2631 1404 2665 lectiones
1434 2632 1469 2664 in
1492 2646 1546 2676 γρ.
1574 2632 1705 2676 positas

195 2680 346 2725 scripsit)
367 2681 631 2714 annotationem
651 2687 824 2716 monstrat
849 2683 885 2716 in
913 2684 1070 2729 margine
1090 2685 1251 2729 positam,
1273 2697 1377 2730 quam
1398 2684 1515 2718 omisit
1533 2685 1704 2725 librarius,

194 2738 234 2767 ut
253 2733 334 2766 alibi
353 2733 542 2768 interdum.
655 2738 669 2757 S
688 2748 745 2777 μοι
766 2735 914 2771 F.S.r.v.
945 2737 1017 2779 ἐμοὶ
1037 2738 1156 2783 vulgo.
1251 2737 1266 2763 t
1285 2739 1337 2772 καὶ
1357 2750 1426 2772 om.
1450 2737 1493 2771 O.
1581 2743 1602 2761 u
1621 2738 1704 2771 ἀσε-

193 2784 306 2831 βείας]
331 2787 383 2820 καὶ
402 2785 561 2828 ἀσεβείας
600 2787 672 2820 F-v.
795 2795 814 2813 X
834 2789 891 2835 οὐ]
915 2790 960 2833 μὴ
979 2791 1092 2825 A.k.s.
1211 2797 1228 2821 Y
1247 2790 1457 2835 δικάζοντας]
1483 2791 1644 2825 δικαστὰς
1664 2791 1702 2824 F.

196 2839 330 2873 S.Y.O.
351 2845 386 2873 et
404 2854 461 2884 γρ.
484 2852 510 2873 r.
658 2846 674 2865 Ζ
695 2840 752 2887 δὴ]
777 2841 806 2877 δ’
824 2842 867 2877 Α.
901 2843 937 2876 δέ
956 2844 1059 2879 k.s.v.
1217 2850 1235 2869 a
1255 2845 1308 2878 καὶ
1327 2857 1397 2879 om.
1419 2843 1701 2879 A.S.Y.O.k.r.s.

194 2888 214 2916 b
234 2891 456 2939 ἀποδιδόντα]
481 2893 650 2928 ἀποδόντα
669 2892 713 2928 Ο.
812 2901 829 2920 0
848 2896 877 2930 θ’
898 2908 969 2931 om.
991 2898 1101 2932 A.k.s.
1166 2934 1170 2936 Α
1199 2895 1218 2923 d
1237 2897 1450 2942 ἐπεπόνθειν]
1475 2896 1652 2930 ἐπεπόνθει
1672 2908 1699 2931 r.

194 2950 210 2969 e
240 2944 298 2989 ε’μέ
316 2944 370 2991 τε]
394 2944 444 2979 ἐπ’
466 2946 523 2990 ἐμὲ
541 2948 614 2981 As.
726 2944 742 2972 f
766 2950 824 2992 τῆς
852 2961 921 2984 om.
942 2950 1223 2986 A.S.Y.O.k.1'.s.
1345 2955 1366 2984 g
1393 2950 1506 2984 αὐτοῖς
1528 2961 1597 2983 om.
1618 2950 1701 2984 A.k.

193 2994 214 3021 h
234 2998 389 3044 τοσοῦθ’]
413 3002 582 3035 τοσοῦτον
600 3001 752 3035 A.F.k.s.
