1954 3273
59 175 213 230 —669‚
231 193 282 217 21.
626 179 767 217 ΚΑΤΑ
800 179 1256 217 ΑΡΙΣΤΟΚΡΑΤΟΥΣ.
1618 178 1692 218 701

186 313 280 353 νον,
320 293 381 343 ὡς
418 288 530 340 ι’καὶ
569 292 694 353 ὑμεῖς
735 289 1072 355 ὁμολογήσετε,
1112 289 1298 340 ἐπειδὰν
1343 290 1581 355 ἀκούσητέ
1610 314 1700 354 μου

184 374 243 425 τὰ
267 375 575 440 πεπραγμένα
601 376 739 443 αὐτῷ.

93 470 170 514 Ι73
251 457 391 510 “Ocra
423 458 506 521 μὲν
532 457 588 522 δὴ
615 458 908 524 στρατιώτης
943 457 1007 508 ὧν
1032 461 1079 509 ἐν
1106 458 1461 526 οσφενδονήτου
1499 462 1575 510 καὶ
1608 464 1696 529 ψι-

186 548 274 593 λοῦ
298 543 424 608 μέρει
450 542 503 593 τὸ
530 545 611 593 ἀπ’
639 544 786 608 ἀρχῆς
825 543 1009 592 ἐναντία
1041 541 1343 608 ἐστράτευται
1379 548 1437 610 τῇ
1470 542 1621 607 πόλει,
1648 545 1752 599 01325

185 628 343 690 τίθημι
388 628 436 676 ἐν
476 624 792 690 ᾱάδικήματος
844 626 983 691 μέρει,
1029 627 1122 676 οὐδ’
1169 625 1240 676 ὅτι
1281 628 1544 693 Θλῃστικόν
1587 650 1701 678 ποτε

184 715 355 761 πλοῖον
399 709 519 777 ἔχων
558 708 773 777 ῐέλῄζετο
820 708 927 762 τοὺς
967 709 1211 774 ὑμετέρους
1253 710 1546 779 συμμάχους,
1588 714 1701 762 ἀλλ’

184 797 243 845 ἐῶ
282 800 443 845 ταῦτα.
488 793 563 845 διὰ
588 795 666 856 τί,
712 794 796 856 ὅτι,
823 791 860 843 ῶ
895 793 1058 858 ἄνδρες
1094 797 1348 858 Ἀθηναῖοι,
1376 799 1423 845 αὶ
1455 798 1703 861 ἀναγκαῖαι

186 883 335 945 χρεῖαι
372 878 478 932 τοὺς
505 884 616 929 ἓτοῦ
648 879 696 928 τί
727 878 959 944 πρακτέον
990 876 1018 941 ὴ
1050 876 1114 941 μὴ
1143 878 1405 942 λογισμοὺς
1431 881 1703 945 ἀναιροῦσιν
1717 891 1798 944 669

188 961 410 1025 ἅπαντας,
447 961 559 1013 ὥστ’
594 961 682 1013 11οὐ
720 961 843 1013 πάνυ
877 968 1026 1013 ταῦτα
1064 963 1483 1027 ἀκριβολογεῖσθαι
1519 968 1590 1015 δεῖ
1622 963 1704 1015 τὸν

97 1047 373 1109 174δικαιως
415 1045 704 1115 ἐξετάζοντα.
753 1048 864 1096 ἀλλ
907 1046 1014 1097 ὅθεν
1055 1045 1314 1114 ἀρξάμενος
1358 1047 1571 1147 ξεναγῶν
1617 1048 1705 1148 ἠδη

189 1132 269 1181 καί
304 1154 443 1181 τινων
483 1131 643 1198 ἄρχων
684 1135 989 1196 στρατιωτῶν
1032 1135 1183 1184 κακῶς
1227 1132 1343 1193 ὑμᾶς
1380 1132 1534 1194 ἐποίει,
1575 1133 1703 1182 ταῦτ’

188 1215 428 1265 ἀκούσατε
456 1238 561 1278 μου
607 1215 741 1267 οὑτος
779 1214 826 1265 ἓν
857 1238 941 1277 μεν
968 1213 1189 1265 ἁπάντων
1223 1219 1425 1280 πρῶτον,
1451 1219 1735 1278 μισθωθεις5

190 1298 279 1350 ὑπὸ
324 1297 618 1367 Ἰφικράτους
669 1300 744 1348 καὶ
789 1296 954 1348 ἱπλεῖν
992 1295 1020 1361 ἢ
1064 1299 1170 1363 τρία
1215 1298 1294 1362 ἔτη
1337 1299 1707 1368 μισθοφορήσας

188 1383 297 1449 παρ’
341 1383 509 1451 ἐκείνῳ,
552 1381 708 1446 ἐπειδὴ
759 1381 840 1433 τὸν
890 1381 975 1445 μὲν
1013 1380 1288 1448 Ἰφικράτην
1336 1382 1706 1449 ἀποστράτηγον

191 1467 457 1531 ἐποιήσατε,
495 1465 729 1530 Τιμόθεον
770 1470 810 1517 δ’
848 1467 919 1516 ἐπ’
956 1466 1255 1534 Ἀμφίπολιν
1290 1469 1365 1517 καὶ
1400 1467 1709 1534 Χερρόνησον

100 1567 176 1611 175
192 1550 490 1620 ἐξεπέμψατε
529 1549 818 1616 στρατηγὸν,
857 1554 1046 1615 πρῶτον
1086 1548 1169 1612 μὲν
1204 1550 1311 1603 τοὺς
1343 1552 1711 1619 Ἀμφιπολιτῶν

191 1634 407 1700 ὁμήρους,
450 1633 527 1687 οὓς
571 1638 683 1699 παρ’
723 1632 1014 1699 ΙμΑρπάλου
1052 1633 1217 1692 λαβὼν
1254 1634 1525 1702 Ἰφικράτης
1567 1635 1707 1686 ἔδωκε
1727 1660 1763 1681 10

193 1718 450 1789 φυλάττειν
494 1719 632 1787 αὐτῷ,
677 1716 1030 1786 ψηφισαμένων
1081 1719 1209 1780 ὑμῶν
1250 1720 1311 1771 ὡς
1356 1720 1473 1779 ὑμᾶς
1516 1721 1710 1782 κομίσαι

307 1802 319 1818 l
504 1800 538 1827 1,
793 1802 804 1817 ι
1025 1803 1038 1818 x
1147 1806 1166 1815 Α
1254 1800 1266 1816 x
1440 1808 1459 1816 Α
1525 1805 1535 1820 ,
1674 1805 1684 1821 1

192 1805 460 1870 παρεδωκεν
545 1806 915 1870 Αμφιπολιταις·
965 1823 1040 1851 και
1085 1824 1167 1851 του
1207 1825 1272 1865 μη
1315 1808 1482 1863 λαβειν
1542 1808 1705 1872 Αμφι-

191 1895 335 1940 πολιν
369 1889 490 1938 τοῦτ’
519 1884 774 1949 ωέμποδὼν
800 1885 1020 1949 κατέστη.
1065 1884 1276 1952 δεύτερον
1303 1886 1365 1948 δὲ,
1392 1887 1709 1950 μισθουμένου

193 1972 424 2036 Τιμοθέου
462 1971 610 2022 πάλιν
649 1969 791 2020 αὐτὸν
826 1971 900 2020 καὶ
945 1969 996 2020 τὸ
1029 1969 1314 2036 στράτευμα,
1354 1972 1504 2042 τούτῳ
1539 1972 1624 2035 μὲν
1656 1975 1760 2024 01315

193 2061 371 2119 μισθοῖ,
407 2054 525 2121 πρὸς
564 2054 612 2106 δὲ
650 2054 807 2105 Κότυν
841 2053 1002 2105 πλέων
1033 2053 1182 2122 ᾤχετο
1216 2055 1337 2122 ἔχων
1373 2055 1457 2110 τὰς
1492 2056 1713 2122 ὑμετέρας

195 2139 563 2208 τριακοντόρους,
604 2138 657 2190 ὃν
699 2141 904 2205 ἀκριβῶς
948 2136 1047 2205 ᾔδει
1091 2144 1212 2189 ιἸτῶν
1258 2139 1406 2190 ὄντων
1450 2141 1712 2206 ἀνθρώπων

105 2224 473 2293 176οἐχθρόταθ’
529 2226 635 2287 ὑμῖν
687 2223 985 2286 διακείμενον.
1038 2225 1112 2273 καὶ
1162 2222 1279 2286 μετὰ
1329 2226 1507 2285 praefi-F,
1557 2226 1712 2290 ἐπειδὴ

196 2309 278 2361 τὸν
309 2308 427 2375 πρὸς
455 2309 753 2376 Ἀμφίπολιν
785 2307 997 2369 πόλεμον
1034 2305 1263 2373 πρότερον
1289 2314 1510 2370 πολεμεῖν
1538 2309 1712 2360 Ἷεῖλετο

197 2392 426 2458 Τιμόθεος
452 2398 534 2443 τοῦ
560 2391 678 2459 πρὸς
705 2390 1025 2458 Χερρόνησον,
1046 2393 1120 2442 καὶ
1147 2391 1277 2442 οὐδὲν
1303 2390 1395 2459 εἶχε
1420 2398 1567 2443 ποιεῖν
1596 2396 1712 2456 ὑμᾶς
1728 2421 1766 2442 20

196 2480 291 2528 ἐκεῖ
312 2476 468 2538 κακὸν,
496 2481 664 2539 μισθοῖ
695 2475 843 2526 πάλιν
869 2474 1010 2526 αὑτὸν
1039 2478 1308 2529 Ὀλυνθίοις
1347 2481 1442 2529 τοῖς
1482 2478 1713 2542 ὑμετέροις

253 2619 273 2647 b
294 2623 346 2656 καὶ
366 2634 434 2656 0111.
457 2621 503 2657 Ο.
616 2626 631 2645 ⁰
653 2619 907 2666 σφενδονήτου]
931 2620 1167 2665 σφενδονητοῧ
1188 2621 1229 2655 Y.
1341 2617 1359 2644 d
1380 2621 1581 2664 ἀδικήματος
1600 2622 1709 2668 μέρει]

198 2678 292 2721 μέρει
311 2675 513 2719 ἀδικήματος
532 2674 626 2709 Y.O.
750 2679 765 2698 e
785 2674 963 2717 ληιστικόν
985 2673 1117 2708 S.Y.O.
1149 2676 1334 2719 ληστρικόν
1354 2675 1470 2719 vulgo.
1599 2672 1615 2699 f
1631 2676 1713 2718 ε’λῄ-

200 2729 293 2774 ζετο]
318 2729 542 2763 Scribebatur
562 2725 726 2771 ἐληΐξετο.
837 2732 857 2759 g
876 2729 936 2760 τοῦ
957 2738 1026 2760 om.
1046 2739 1098 2772 pr.
1118 2740 1149 2760 v.
1274 2725 1295 2751 h
1316 2728 1371 2773 οὐ]
1398 2729 1436 2760 οὐ
1456 2728 1500 2771 μὴ
1523 2728 1556 2761 S.
1589 2729 1650 2762 sed
1668 2730 1714 2773 μὴ

200 2782 339 2828 punctis
358 2788 494 2816 notato.
608 2778 616 2805 i
637 2781 752 2826 πλεῖν]
779 2780 1001 2814 Scribebatur
1020 2782 1151 2814 πλεῖον.
1193 2781 1299 2814 πλέον
1318 2794 1346 2816 r.
1381 2783 1495 2813 πλέων
1514 2782 1588 2814 As.
1629 2782 1711 2817 Vid.

200 2836 243 2869 ad
263 2848 297 2881 p.
319 2842 409 2882 503,
435 2834 493 2870 18.
622 2831 643 2858 k
661 2833 853 2880 Ἁρπάλου]
878 2832 1035 2867 ἀλπάλου
1055 2834 1091 2868 k.
1226 2831 1233 2858 ¹
1255 2834 1536 2879 Ἀμφιπολίταις]
1559 2834 1712 2878 ἀμφιπο-

199 2889 326 2923 λείταις
346 2901 398 2934 pr.
424 2890 461 2924 S.
599 2894 630 2911 m
650 2887 822 2931 ἐμποδὼν]
845 2887 1004 2929 ἐμπόδιον
1025 2888 1170 2921 A.k.r.s.
1313 2894 1333 2912 Π
1353 2890 1419 2920 τῶν
1435 2885 1556 2932 ὅντων]
1581 2888 1715 2921 πάντων

201 2943 346 2977 A.k.r.S.
376 2942 533 2976 ἁπάντων
552 2953 584 2974 V.
670 2947 687 2965 0
707 2938 887 2986 ἐχθρόταθ’
910 2940 945 2973 S.
975 2941 1162 2984 ἐχθριὶτατα
1182 2941 1298 2986 vulgo.
1397 2946 1415 2973 P
1431 2939 1541 2984 ταῦτ’]
1566 2940 1659 2975 ταῦθ’
1677 2942 1713 2976 S.

200 2997 306 3029 ταῦτα
325 2995 444 3040 vulgo.
475 2995 580 3030 ταῦτά
599 3009 637 3039 γε
658 2995 731 3028 Rv.
842 2999 861 3026 (1
881 2991 1009 3040 εἵλετο]
1034 2995 1212 3039 προείλετο
1232 2995 1457 3028 A.F.kr.s.v.
