1954 3273
251 142 335 184 730
795 144 1223 183 ΔΗΜΟΣΘΕΝΟΎΣ
1327 140 1410 180 On.
1434 138 1616 179 XXIV.
1637 153 1680 194 p.
1696 137 1793 191 697,
1812 153 1888 178 ⁵—

252 256 322 301 φὴν
340 255 568 302 ἀπηνέγκαντο
588 255 759 303 Διόδωρος
781 257 835 291 καὶ
855 254 1038 300 Εὐκτήμων
1063 255 1107 291 ὣς
1132 256 1329 301 παρανόμου
1354 255 1408 289 καὶ
1435 251 1551 288 ἀδίκου
1575 253 1629 287 καὶ
1653 253 1764 297 ἆσυμ-
1777 264 1795 296 5

252 320 377 365 φόρου.
425 319 629 367 Ἀνδροτίων
656 321 694 356 δὲ
721 321 775 355 καὶ
803 317 1024 363 ᾱΓλαυκέτης
1052 319 1105 353 καὶ
1132 319 1355 360 Μελάνωπος,
1382 317 1554 352 συνιέντες
1580 315 1622 351 δι’
1645 316 1769 352 αὑτοὺς

251 384 456 430 γεγενῆσθαι
488 384 548 428 τὴν
577 384 727 430 γραφὴν,
757 384 1036 425 καταβάλλουσιν
1066 383 1161 417 ἐννέα
1191 383 1341 417 τάλαντα
1373 382 1427 416 καὶ
1459 382 1637 426 τριάκοντα
1668 381 1766 425 μνᾶς,

251 446 338 484 ἴσως
367 448 456 493 θμέν
483 449 542 482 οὐκ
570 446 610 482 ἂν
638 449 899 490 καταβαλόντες,
930 447 959 481 εἷ
985 447 1030 492 μὴ
1058 447 1119 491 τὴν
1145 446 1283 493 γραφὴν
1311 445 1485 480 ἀπέδοσαν
1514 446 1546 478 οἶ
1573 443 1767 490 κατήγοροι,
1783 456 1822 478 10

254 510 344 557 ὅμως
369 512 397 545 δ’
419 510 478 545 οὖν
503 511 703 553 κατέβαλον.
744 512 921 557 κατηγορεῖ
949 510 1061 544 τοίνυν
1086 508 1270 554 Εὐκτήμων
1298 510 1352 543 καὶ
1376 508 1557 553 Διόδωρος,
1577 507 1770 553 φάσκοντες

254 576 316 620 μὲν
347 576 402 609 διὰ
436 576 516 611 τοὺς
550 575 715 621 πρέσβεις
750 574 946 621 γεγράφθαι
980 574 1040 608 τὸν
1077 574 1190 618 νόμον·
1234 574 1262 608 εἶ
1299 573 1337 607 δὲ
1373 573 1426 607 καὶ
1463 572 1620 617 ἐξέτισαν
1656 571 1692 605 ἐν
1723 573 1772 619 τῷ

253 640 381 684 μεταξὺ
405 641 530 686 χρόνῳ,
553 636 758 683 1’δεδομένης
785 640 845 682 τῆς
871 638 1009 683 γραφῆς
1037 640 1139 671 τοῦτο
1166 637 1343 681 ἐποίησαν,
1369 635 1461 670 ὥστε
1488 635 1549 679 τὴν
1571 633 1794 681 προαίρεσινι
1803 648 1820 681 5

255 706 316 738 τοῦ
342 704 525 747 νομοθέτου
551 701 707 737 ὑπαιτίαν
732 699 828 737 εἶναι.
867 701 965 736 οὐδὲν
993 701 1030 735 δέ
1055 700 1156 746 ἦττον
1181 701 1327 746 ἐξετάζει
1352 701 1413 735 τὸν
1435 702 1538 745 νόμον
1556 701 1574 733 ὁ
1592 699 1705 746 ῥήτωρ
1727 699 1772 735 ὦς

256 769 310 802 καὶ
341 767 410 802 κατ’
441 768 550 801 ἶίλλον
582 769 710 813 τρόπον
740 767 863 812 ἔχοντα
895 769 1010 801 κακῶς·
1050 766 1103 799 καὶ
1134 767 1200 812 γὰρ
1233 767 1434 812 παρανόμως
1470 765 1644 800 τεθεῖσθαί
1680 766 1772 810 φησι

257 833 310 866 καὶ
342 830 545 867 ὑπεναντίως
582 833 672 877 ἔχειν
704 832 775 866 τοῖς
807 832 934 875 νόμοις,
966 830 1020 864 καὶ
1051 829 1166 865 ἄλλως
1197 829 1321 864 ἀδικεῖν
1354 830 1408 864 καὶ
1438 830 1620 870 βλάπτειν,
1651 828 1694 863 δι’
1725 825 1771 863 ὧν
1782 842 1825 864 20

257 898 476 943 προστάττει,
502 897 564 941 τὴν
588 898 701 930 πόλιν.
739 895 795 930 διὰ
820 897 926 930 ταῦτα
950 897 1034 941 γοῦν
1059 895 1112 929 καὶ
1138 895 1172 928 αῖ
1198 894 1378 930 ὑποθέσεις
1403 896 1464 928 τοῦ
1488 894 1596 940 λόγου
1620 891 1693 934 δύο,
1712 893 1774 937 μία

256 963 318 1006 μὲν
340 962 392 996 ὅτι
416 963 471 996 διὰ
489 961 568 996 τοὺς
593 962 758 1006 πρέσβεις
776 960 978 1006 γέγραπται,
999 958 1096 1004 ἑτέρα
1122 959 1158 992 δέ
1185 957 1237 993 ὅτι
1263 956 1460 993 ὑπεναντίος
1485 959 1557 992 τοῖς
1582 958 1696 1001 νόμοις
1721 957 1775 992 καὶ

257 1026 427 1070 ἐπιζήμιος
453 1026 505 1060 καὶ
529 1025 654 1060 ἄδικος.
693 1024 785 1059 ὥστε
812 1025 841 1059 εἶ
866 1023 1010 1069 ἠδύνατο
1037 1024 1198 1070 ἐκφυγεῖν
1221 1025 1240 1057 ὁ
1264 1023 1472 1068 Τιμοκράτης
1497 1022 1558 1067 τὴν
1582 1020 1691 1056 αἰτίαν
1711 1024 1774 1057 τοῦ

255 1091 300 1135 μὴ
327 1091 382 1124 διὰ
409 1090 488 1126 τοὺς
514 1091 679 1136 πρέσβεις
705 1089 925 1136 γεγραφέναι,
945 1088 1024 1123 ἀλλ’
1044 1087 1104 1123 οὖν
1127 1103 1167 1134 γε
1192 1091 1253 1123 τοῦ
1277 1088 1322 1132 μὴ
1349 1088 1498 1134 πονηρὸν
1522 1084 1606 1122 εἶναι
1634 1087 1674 1121 οὐ
1699 1087 1770 1122 δια-
1786 1097 1824 1129 25

258 1154 431 1202 φεύξεται.
470 1153 614 1199 ἠδύνατο
639 1155 700 1199 μὲν
718 1155 784 1200 γὰρ
805 1156 865 1188 τοῦ
885 1153 1071 1197 νομοθέτου
1095 1154 1293 1198 κατηγορεῖν
1312 1153 1330 1185 ὁ
1351 1152 1533 1198 Διόδωρος,
1554 1150 1606 1185 ὅτι
1625 1152 1774 1197 πονηρὸν

256 1222 391 1266 ἔγραψε
416 1221 519 1265 νόμον
543 1221 596 1254 καὶ
622 1219 820 1254 ὑπεναντίον
845 1220 916 1254 τοῖς
942 1220 1069 1261 νόμοις,
1090 1218 1144 1251 καὶ
1168 1220 1310 1262 ἤρκεσεν
1333 1214 1374 1250 ἂν
1396 1217 1486 1263 αὐτῷ
1507 1216 1593 1261 πρὸς
1612 1215 1776 1250 ὑπόθεσιν
1943 1215 1952 1254 ἐξ

256 1289 374 1320 ταῦτα·
406 1288 465 1320 νῦν
483 1285 519 1319 δέ
540 1285 632 1328 ἔτὴν
657 1285 739 1318 κατὰ
765 1287 832 1317 τῶν
856 1283 1037 1329 πρέσβεων
1060 1281 1279 1328 προσείληφε
1297 1279 1494 1323 11διαβολῆς
1516 1279 1609 1314 ἕνεκα
1632 1282 1693 1314 τοῦ
1717 1294 1770 1314 νο-
1786 1275 1868 1330 698

256 1350 412 1394 μοθέτου.
452 1349 471 1393 ἡ
498 1349 559 1393 μὲν
583 1347 643 1382 οὖν
669 1348 833 1384 ὑπόθεσις
855 1349 914 1391 τῆς
937 1347 1055 1387 αἷτίας,
1077 1345 1118 1380 δι’
1138 1345 1177 1390 ἣν
1204 1346 1299 1389 ἔθηκε
1324 1345 1384 1378 τὸν
1410 1346 1523 1388 νόμον,
1545 1343 1770 1388 στοχαστική·

258 1415 402 1457 ζητεῖται
431 1413 497 1459 γὰρ
526 1412 556 1446 εἷ
585 1412 639 1446 διὰ
667 1411 746 1446 τοὺς
774 1413 939 1457 πρέσβεις
965 1410 1081 1453 ἔθηκεν
1109 1408 1127 1453 ἢ
1157 1411 1207 1443 οὕ·
1242 1408 1261 1452 ἡ
1291 1408 1327 1442 δέ
1357 1408 1439 1441 κατὰ
1467 1408 1528 1442 τὸν
1555 1408 1659 1452 νόμον
1685 1421 1772 1451 πρα-

256 1476 411 1524 γματική·
448 1475 595 1511 καθόλου
622 1476 689 1522 γὰρ
716 1477 811 1509 πᾶσα
839 1474 1021 1520 κατηγορία
1048 1473 1151 1519 ῥητοῦ
1178 1472 1413 1520 πραγματικὴν
1440 1472 1661 1518 ἀπεργάζεται
1689 1472 1804 1509 στά-5

258 1556 326 1577 σιν.
369 1541 474 1587 ῥητοῦ
502 1541 539 1575 δέ
567 1540 658 1587 λέγω
687 1540 748 1574 οὑκ
775 1541 813 1585 ἐξ
841 1539 946 1585 οὗπερ
976 1539 1090 1585 ἕτερόν
1117 1553 1150 1573 τι
1179 1540 1336 1582 ζητεῖται,
1364 1536 1480 1582 ὥσπερ
1507 1537 1543 1570 ἐν
1570 1539 1774 1584 στοχασμῷ,

258 1606 336 1640 οὐδὲ
355 1607 416 1639 τοῦ
436 1604 689 1650 ἀναφερομένου
710 1604 756 1640 εἷς
779 1606 901 1649 τέχνην
923 1605 977 1638 καὶ
1005 1604 1178 1649 ἐξουσίαν,
1200 1602 1316 1648 ὥσπερ
1336 1602 1372 1636 ἐν
1391 1601 1585 1647 ἀντιλήψει.
1625 1602 1691 1636 ε’κεῖ
1714 1602 1777 1646 μὲν

258 1671 313 1705 ἐπὶ
340 1672 411 1706 τοῖς
440 1670 661 1713 ἐκβεβηκόσιν
690 1669 708 1713 ἡ
738 1669 859 1715 κρίσις,
890 1669 926 1703 ἐν
954 1669 990 1703 δὲ
1019 1671 1059 1711 τῇ
1088 1669 1301 1714 πραγματικῇ
1330 1667 1385 1700 ἐπὶ
1417 1667 1601 1710 μέλλουσι.
1644 1666 1698 1700 καὶ
1725 1666 1776 1700 δεῖ
1790 1674 1830 1696 10

257 1733 452 1780 γεγράφθαι
479 1734 519 1767 τὸ
546 1731 649 1778 ῥητὸν
674 1733 709 1766 ἐν
733 1729 871 1776 ἱνόμοις
897 1732 949 1766 καὶ
979 1732 1014 1766 ἐν
1038 1731 1281 1777 ψηφίσμασιν.
1320 1731 1397 1764 ἔστι
1425 1728 1539 1764 τοίνυν
1563 1727 1687 1763 τούτου
1715 1731 1776 1763 τοῦ

258 1799 365 1843 λόγου
398 1797 566 1842 κεφάλαια
597 1797 765 1842 τέσσαρα,
796 1794 830 1830 ἓν
862 1796 924 1840 μὲν
955 1796 995 1829 τὸ
1029 1797 1182 1839 νόμιμον,
1215 1793 1232 1828 ὃ
1263 1794 1438 1839 διαιρεῖται
1470 1793 1561 1838 διχῆ,
1591 1791 1639 1828 εἴς
1667 1807 1705 1827 τε
1736 1793 1777 1828 τὸ

259 1862 448 1906 πρόσωπον
473 1861 526 1894 καὶ
554 1860 600 1896 εἷς
628 1861 668 1894 τὸ
694 1861 844 1906 πρᾶγμα,
870 1859 1050 1893 τουτέστιν
1075 1860 1122 1894 εἷς
1150 1859 1254 1893 αὐτὸν
1280 1859 1340 1893 τὸν
1368 1859 1482 1903 νόμον,
1512 1858 1603 1893 ὅπως
1630 1858 1777 1894 ἐναντίος
1791 1868 1828 1900 15

260 1925 337 1960 ἐστὶ
361 1926 432 1960 τοῖς
458 1926 583 1969 νόμοις,
604 1923 762 1970 δεύτερον
785 1924 825 1958 τὸ
852 1924 991 1964 δίκαιον,
1012 1922 1128 1969 τρίτον
1153 1923 1193 1956 τὸ
1220 1923 1413 1968 συμφέρον,
1441 1921 1493 1955 ὅτι
1519 1920 1701 1965 ἐπιζήμιος,
1722 1922 1776 1956 τέ-

260 2002 384 2034 ταρτον
403 1987 443 2021 τὸ
463 1987 617 2029 δυνατὸν,
638 1985 690 2020 ὅτι
717 1986 769 2020 καὶ
794 1986 980 2021 ἀδυνάτους
1005 1986 1174 2020 ἐπιτάττει
1193 1986 1344 2031 πράξεις.
1383 1985 1401 2029 ἡ
1422 1984 1596 2031 κρινομένη
1616 1982 1676 2018 οὖν
1695 1984 1779 2018 ὑπό-

262 2051 355 2087 θεσίς
376 2050 472 2084 ἐστιν
491 2048 574 2094 αὕτη
595 2049 613 2093 ἦ
634 2050 669 2084 ἐν
688 2051 760 2085 τοῖς
783 2049 992 2094 κεφαλαίοις.
1031 2050 1091 2093 τὴν
1115 2049 1181 2095 γὰρ
1207 2049 1290 2083 κατὰ
1315 2053 1382 2083 τῶν
1407 2048 1588 2094 πρέσβεων
1615 2048 1779 2083 ὑπόθεσιν
1792 2058 1833 2081 2ο

261 2117 297 2150 ἐν
324 2118 365 2159 τῇ
398 2115 608 2148 καταστάσει
641 2115 694 2148 καὶ
726 2115 934 2159 παρεκβάσει
969 2113 1095 2148 τέθεικε
1127 2113 1289 2156 διαβολῆς
1322 2112 1415 2146 ἕνεκα
1448 2113 1618 2156 δηλονότι.
1665 2112 1780 2157 ἐπειδὴ

261 2181 328 2226 γὰρ
353 2180 371 2213 ὁ
398 2180 498 2223 νόμος
524 2178 616 2212 δοκεῖ
645 2177 972 2223 φιλανθρωπότατος
1001 2173 1095 2218 εἶναι,
1123 2179 1190 2209 τῶν
1220 2176 1356 2220 δεσμῶν
1383 2175 1508 2220 ἀφιεὶς,
1535 2174 1660 2209 τούτου
1689 2175 1783 2210 ἕνεκα

262 2243 418 2287 ἀντέθηκε
455 2244 604 2276 πλεῖστα
641 2242 702 2285 μὲν
734 2242 787 2275 καὶ
822 2240 926 2281 ἅλλα,
961 2240 1111 2284 μάλιστα
1147 2240 1182 2273 δέ
1216 2240 1257 2274 τὰ
1291 2238 1350 2273 δύο
1383 2242 1500 2279 ταῦτα,
1533 2238 1593 2283 τήν
1622 2253 1659 2272 τε
1693 2238 1778 2273 ὑπό-

263 2309 360 2343 θεσιν
379 2307 439 2351 τὴν
459 2307 541 2340 κατὰ
560 2303 579 2330 k
593 2306 671 2341 τοὺς
696 2307 872 2351 πρέσβεις,
893 2304 945 2339 ἵνα
967 2307 1007 2348 τῇ
1035 2304 1173 2349 ίπονοίᾳ
1196 2301 1301 2346 ταύτῃ
1322 2304 1381 2337 τὸν
1399 2303 1563 2349 ἀκροατὴν
1582 2302 1698 2347 πείσῃ,
1717 2303 1779 2348 τὴν
1793 2315 1831 2347 25

265 2372 418 2417 ὑποψίαν
443 2371 521 2406 δοὺς
549 2371 632 2403 κατὰ
657 2371 718 2403 τοῦ
744 2368 914 2403 ἀντιδίκου
942 2368 985 2404 ὡς
1014 2369 1074 2402 τὸν
1100 2369 1203 2411 νόμον
1228 2366 1270 2401 δι’
1289 2366 1566 2413 αἷσχροκέρδειαν
1592 2367 1782 2403 τεθεικότος

264 2435 348 2480 ὑπὲρ
377 2433 529 2480 ῥητόρων
563 2433 616 2467 καὶ
648 2433 932 2476 πολιτευομένων,
963 2431 1115 2477 ἁρπάσαι
1148 2432 1190 2464 τὰ
1220 2431 1313 2464 κοινὰ
1341 2432 1627 2476 προαιρουμένων,
1657 2431 1711 2465 καὶ
1741 2431 1781 2465 τὸ
1793 2426 1876 2480 699

264 2497 481 2544 ἀσύμφορον,
513 2497 547 2531 ἐν
577 2492 603 2544 ᾧ
632 2496 866 2540 ἀποστερῆσαι
898 2496 958 2539 τὴν
989 2497 1092 2529 πόλιν
1122 2494 1278 2528 ἁπάντων
1306 2496 1373 2527 τῶν
1404 2493 1616 2540 ὀφλημάτων
1645 2493 1781 2529 δίδωσι.

264 2565 350 2609 πρὸς
375 2562 412 2597 δὲ
438 2563 477 2596 τὸ
503 2560 658 2601 δυνατὸν,
687 2560 739 2593 ὅτι
765 2560 794 2593 εἷ
822 2561 875 2593 καὶ
900 2559 1125 2603 ἐβουλόμεθα,
1150 2559 1210 2592 οὐκ
1236 2557 1275 2602 ἦν
1299 2559 1451 2592 δυνατόν·
1481 2558 1693 2604 ἀναιροῦνται
1716 2558 1784 2604 γὰρ

265 2629 324 2672 τῆς
349 2625 520 2661 πολιτείας
545 2625 576 2658 οἱ
603 2625 748 2659 κανόνες.
789 2624 833 2667 μὴ
853 2623 1026 2669 ἀγνοῶμεν
1045 2623 1080 2657 δέ
1105 2622 1157 2657 ὅτι
1179 2624 1219 2657 τὸ
1244 2623 1305 2667 μὲν
1325 2625 1465 2667 νόμιμον
1484 2624 1671 2668 κεφάλαιον
1690 2623 1779 2657 ἐντε-
1794 2632 1811 2664 5

321 2732 339 2759 d
361 2733 566 2778 Γλαυκέτης]
592 2732 791 2778 Legebatur
811 2733 987 2768 Γλαυκίας.
1025 2732 1129 2767 Conf.
1153 2732 1195 2766 ad
1215 2744 1250 2778 p.
1266 2730 1356 2778 694,
1377 2742 1386 2766 ι
1400 2742 1436 2778 5.
1559 2736 1575 2756 θ
1593 2732 1656 2775 μὲν
1674 2732 1785 2767 codex

269 2787 421 2822 vindob.
460 2787 660 2832 Legebatur
678 2786 739 2829 μὲν
756 2786 833 2831 γάρ.
1004 2782 1018 2810 f
1035 2786 1213 2829 δεδομένης
1234 2785 1429 2819 Bekkerus.
1467 2784 1645 2828 διδομένης
1663 2785 1784 2831 vulgo.

268 2848 288 2875 g
308 2842 368 2884 τὴν
387 2841 470 2874 κατὰ
488 2840 637 2873 ΧΥοῙῇιις
657 2851 699 2873 ex
720 2851 754 2884 p.
773 2837 863 2885 698,
885 2849 940 2885 19.
982 2838 1181 2884 Legebatur
1200 2838 1283 2872 κατὰ
1302 2838 1373 2882 τήν.
1583 2835 1599 2858 ¹¹
1621 2838 1785 2882 διαβολῆς

269 2895 452 2929 Bekkcrus
472 2905 514 2928 ex
535 2905 569 2938 p.
587 2892 677 2940 698,
695 2903 754 2926 21.
795 2891 994 2937 Legebatur
1013 2891 1191 2936 διαβολήν.
1333 2888 1342 2915 i
1366 2892 1481 2935 νόμοις
1499 2891 1609 2926 codex
1628 2891 1782 2926 vindob.

270 2947 468 2994 Legebatur
488 2948 589 2994 νόμῳ.
701 2942 719 2969 k
741 2945 819 2980 τοὺς
836 2944 1017 2991 πρέσβεις]
1044 2946 1138 2980 Fort.
1160 2947 1227 2979 τῶν
1245 2943 1436 2990 πρέσβεων,
