<?xml version="1.0" encoding="UTF-8"?>
<!DOCTYPE html PUBLIC "-//W3C//DTD XHTML 1.0 Transitional//EN"
    "http://www.w3.org/TR/xhtml1/DTD/xhtml1-transitional.dtd">
<html xmlns="http://www.w3.org/1999/xhtml" xml:lang="en" lang="en">
 <head>
  <title>
</title>
<meta http-equiv="Content-Type" content="text/html;charset=utf-8" />
  <meta name='ocr-system' content='tesseract 3.04.00' />
  <meta name='ocr-capabilities' content='ocr_page ocr_carea ocr_par ocr_line ocrx_word'/>
</head>
<body>
  <div class='ocr_page' id='page_1' title='image "./operaexrecension02demouoft_0014.png"; bbox 0 0 1954 3273; ppageno 0'>
   <div class='ocr_carea' id='block_1_1' title="bbox 231 156 1864 216">
    <p class='ocr_par' dir='ltr' id='par_1_1' title="bbox 231 156 1864 216">
     <span class='ocr_line' id='line_1_1' title="bbox 231 156 1864 216; baseline 0.003 -17"><span class='ocrx_word' id='word_1_1' title='bbox 231 156 315 199; x_wconf 76' lang='lat'>494</span> <span class='ocrx_word' id='word_1_2' title='bbox 776 164 1202 202; x_wconf 76' lang='grc' dir='ltr'>ΔΗΜΟΣΘΕΝΟΤΣ</span> <span class='ocrx_word' id='word_1_3' title='bbox 1363 162 1446 201; x_wconf 70' lang='lat' dir='ltr'>On.</span> <span class='ocrx_word' id='word_1_4' title='bbox 1465 161 1577 202; x_wconf 89' lang='lat' dir='ltr'>XX.</span> <span class='ocrx_word' id='word_1_5' title='bbox 1601 175 1638 216; x_wconf 92' lang='lat' dir='ltr'>p.</span> <span class='ocrx_word' id='word_1_6' title='bbox 1656 163 1753 214; x_wconf 81' lang='lat'><strong>460,</strong></span> <span class='ocrx_word' id='word_1_7' title='bbox 1767 180 1864 207; x_wconf 72' lang='lat'>29-</span> 
     </span>
    </p>
   </div>
   <div class='ocr_carea' id='block_1_2' title="bbox 170 269 1831 1998">
    <p class='ocr_par' dir='ltr' id='par_1_2' title="bbox 170 269 1831 752">
     <span class='ocr_line' id='line_1_2' title="bbox 170 269 1740 340; baseline 0.003 -21"><span class='ocrx_word' id='word_1_8' title='bbox 170 282 220 320; x_wconf 82' lang='lat'>14</span> <span class='ocrx_word' id='word_1_9' title='bbox 305 269 376 320; x_wconf 84' lang='grc' dir='ltr'>Τὸ</span> <span class='ocrx_word' id='word_1_10' title='bbox 395 270 480 334; x_wconf 80' lang='grc' dir='ltr'>μὲν</span> <span class='ocrx_word' id='word_1_11' title='bbox 499 274 654 323; x_wconf 85' lang='grc' dir='ltr'>τοίνυν</span> <span class='ocrx_word' id='word_1_12' title='bbox 678 276 761 336; x_wconf 86' lang='grc' dir='ltr'>τῆς</span> <span class='ocrx_word' id='word_1_13' title='bbox 786 272 970 327; x_wconf 86' lang='grc' dir='ltr'>πόλεως</span> <span class='ocrx_word' id='word_1_14' title='bbox 998 272 1125 336; x_wconf 78' lang='grc' dir='ltr'>ἦθος,</span> <span class='ocrx_word' id='word_1_15' title='bbox 1145 271 1182 323; x_wconf 78' lang='grc' dir='ltr'><em>ὦ</em></span> <span class='ocrx_word' id='word_1_16' title='bbox 1208 273 1370 337; x_wconf 81' lang='grc' dir='ltr'>ἄνδρες</span> <span class='ocrx_word' id='word_1_17' title='bbox 1389 273 1740 340; x_wconf 29' lang='grc' dir='ltr'>Ἀθηναῖοα-καὶ</span> 
     </span>
     <span class='ocr_line' id='line_1_3' title="bbox 230 348 1831 425; baseline 0.002 -23"><span class='ocrx_word' id='word_1_18' title='bbox 230 355 298 403; x_wconf 81' lang='grc' dir='ltr'>ἐπ’</span> <span class='ocrx_word' id='word_1_19' title='bbox 324 354 491 406; x_wconf 77' lang='grc' dir='ltr'>ἄλλων</span> <span class='ocrx_word' id='word_1_20' title='bbox 515 348 815 407; x_wconf 25' lang='grc' dir='ltr'>πολλῶν-καὶ</span> <span class='ocrx_word' id='word_1_21' title='bbox 839 358 911 425; x_wconf 87' lang='grc' dir='ltr'>ἐφ’</span> <span class='ocrx_word' id='word_1_22' title='bbox 939 356 1004 407; x_wconf 77' lang='grc' dir='ltr'>ὧν</span> <span class='ocrx_word' id='word_1_23' title='bbox 1036 355 1165 407; x_wconf 77' lang='grc' dir='ltr'>εἶπον</span> <span class='ocrx_word' id='word_1_24' title='bbox 1190 356 1279 406; x_wconf 88' lang='grc' dir='ltr'>’ίδοι</span> <span class='ocrx_word' id='word_1_25' title='bbox 1315 379 1386 409; x_wconf 87' lang='grc' dir='ltr'>τις</span> <span class='ocrx_word' id='word_1_26' title='bbox 1424 354 1482 405; x_wconf 80' lang='grc' dir='ltr'>ἂν</span> <span class='ocrx_word' id='word_1_27' title='bbox 1517 362 1740 418; x_wconf 88' lang='grc' dir='ltr'>τοιοῦτον,</span> <span class='ocrx_word' id='word_1_28' title='bbox 1751 364 1831 414; x_wconf 82' lang='grc'>461</span> 
     </span>
     <span class='ocr_line' id='line_1_4' title="bbox 231 436 1736 506; baseline 0.003 -21"><span class='ocrx_word' id='word_1_29' title='bbox 231 436 430 504; x_wconf 80' lang='grc' dir='ltr'>ἀψευδὲς</span> <span class='ocrx_word' id='word_1_30' title='bbox 469 441 544 488; x_wconf 75' lang='grc' dir='ltr'>καὶ</span> <span class='ocrx_word' id='word_1_31' title='bbox 581 439 805 506; x_wconf 82' lang='grc' dir='ltr'>χρηστὸν,</span> <span class='ocrx_word' id='word_1_32' title='bbox 833 440 886 489; x_wconf 81' lang='grc' dir='ltr'>οὐ</span> <span class='ocrx_word' id='word_1_33' title='bbox 919 438 974 489; x_wconf 83' lang='grc' dir='ltr'>τὸ</span> <span class='ocrx_word' id='word_1_34' title='bbox 1001 438 1402 489; x_wconf 78' lang='grc' dir='ltr'>λυσιτελέστατον</span> <span class='ocrx_word' id='word_1_35' title='bbox 1436 438 1555 504; x_wconf 81' lang='grc' dir='ltr'>πρὸς</span> <span class='ocrx_word' id='word_1_36' title='bbox 1589 438 1736 504; x_wconf 82' lang='grc' dir='ltr'>ἀργύ-</span> 
     </span>
     <span class='ocr_line' id='line_1_5' title="bbox 231 519 1742 589; baseline 0.003 -21"><span class='ocrx_word' id='word_1_37' title='bbox 231 541 332 584; x_wconf 91' lang='grc' dir='ltr'>ριον</span> <span class='ocrx_word' id='word_1_38' title='bbox 369 527 592 583; x_wconf 81' lang='grc' dir='ltr'>σκοποῦν,</span> <span class='ocrx_word' id='word_1_39' title='bbox 631 521 761 571; x_wconf 80' lang='grc' dir='ltr'>ἀλλὰ</span> <span class='ocrx_word' id='word_1_40' title='bbox 818 523 866 571; x_wconf 92' lang='grc' dir='ltr'>τί</span> <span class='ocrx_word' id='word_1_41' title='bbox 901 523 976 571; x_wconf 79' lang='grc' dir='ltr'>καὶ</span> <span class='ocrx_word' id='word_1_42' title='bbox 1013 519 1161 571; x_wconf 81' lang='grc' dir='ltr'>καλὸν</span> <span class='ocrx_word' id='word_1_43' title='bbox 1210 521 1405 589; x_wconf 80' lang='grc' dir='ltr'>πρᾶξαι·</span> <span class='ocrx_word' id='word_1_44' title='bbox 1461 520 1515 571; x_wconf 81' lang='grc' dir='ltr'>τὸ</span> <span class='ocrx_word' id='word_1_45' title='bbox 1561 520 1610 571; x_wconf 82' lang='grc' dir='ltr'>δὲ</span> <span class='ocrx_word' id='word_1_46' title='bbox 1659 528 1742 572; x_wconf 86' lang='grc' dir='ltr'>τοῦ</span> 
     </span>
     <span class='ocr_line' id='line_1_6' title="bbox 232 601 1742 668; baseline 0.001 -16"><span class='ocrx_word' id='word_1_47' title='bbox 232 602 426 655; x_wconf 72' lang='grc' dir='ltr'>Χθέντος</span> <span class='ocrx_word' id='word_1_48' title='bbox 470 602 552 653; x_wconf 85' lang='grc' dir='ltr'>τὸν</span> <span class='ocrx_word' id='word_1_49' title='bbox 597 601 752 666; x_wconf 86' lang='grc' dir='ltr'>νόμον,</span> <span class='ocrx_word' id='word_1_50' title='bbox 795 603 856 654; x_wconf 80' lang='grc' dir='ltr'>τὰ</span> <span class='ocrx_word' id='word_1_51' title='bbox 897 603 982 666; x_wconf 81' lang='grc' dir='ltr'>μὲν</span> <span class='ocrx_word' id='word_1_52' title='bbox 1022 603 1133 653; x_wconf 78' lang='grc' dir='ltr'>ἄλλ’</span> <span class='ocrx_word' id='word_1_53' title='bbox 1177 603 1325 668; x_wconf 75' lang='grc' dir='ltr'>ε”γωγε</span> <span class='ocrx_word' id='word_1_54' title='bbox 1370 604 1450 653; x_wconf 85' lang='grc' dir='ltr'>οὐκ</span> <span class='ocrx_word' id='word_1_55' title='bbox 1492 601 1594 654; x_wconf 79' lang='grc' dir='ltr'>οἶδα</span> <span class='ocrx_word' id='word_1_56' title='bbox 1638 603 1742 654; x_wconf 82' lang='grc' dir='ltr'>οὐδὲ</span> 
     </span>
     <span class='ocr_line' id='line_1_7' title="bbox 232 685 1769 752; baseline 0.001 -17"><span class='ocrx_word' id='word_1_57' title='bbox 232 685 360 749; x_wconf 83' lang='grc' dir='ltr'>λέγω</span> <span class='ocrx_word' id='word_1_58' title='bbox 386 689 630 752; x_wconf 63' lang='grc' dir='ltr'>Ῡφλαῦρον</span> <span class='ocrx_word' id='word_1_59' title='bbox 657 685 787 736; x_wconf 78' lang='grc' dir='ltr'>οὐδὲν</span> <span class='ocrx_word' id='word_1_60' title='bbox 813 685 917 736; x_wconf 78' lang='grc' dir='ltr'>οὐδὲ</span> <span class='ocrx_word' id='word_1_61' title='bbox 942 685 1152 748; x_wconf 84' lang='grc' dir='ltr'>σύνοιδα,</span> <span class='ocrx_word' id='word_1_62' title='bbox 1173 687 1221 736; x_wconf 86' lang='grc' dir='ltr'>ἐκ</span> <span class='ocrx_word' id='word_1_63' title='bbox 1248 685 1296 736; x_wconf 79' lang='grc' dir='ltr'>δὲ</span> <span class='ocrx_word' id='word_1_64' title='bbox 1321 692 1404 736; x_wconf 85' lang='grc' dir='ltr'>τοῦ</span> <span class='ocrx_word' id='word_1_65' title='bbox 1429 685 1601 748; x_wconf 84' lang='grc' dir='ltr'>Ζνόμου</span> <span class='ocrx_word' id='word_1_66' title='bbox 1625 707 1769 737; x_wconf 89' lang='grc' dir='ltr'>σκο-5</span> 
     </span>
    </p>

    <p class='ocr_par' dir='ltr' id='par_1_3' title="bbox 170 767 1798 1414">
     <span class='ocr_line' id='line_1_8' title="bbox 170 767 1742 836; baseline 0.001 -19"><span class='ocrx_word' id='word_1_67' title='bbox 170 786 218 827; x_wconf 84' lang='lat'>15</span> <span class='ocrx_word' id='word_1_68' title='bbox 232 772 335 817; x_wconf 80' lang='grc' dir='ltr'>πῶν</span> <span class='ocrx_word' id='word_1_69' title='bbox 361 769 560 833; x_wconf 85' lang='grc' dir='ltr'>εὑρίσκω</span> <span class='ocrx_word' id='word_1_70' title='bbox 583 767 710 818; x_wconf 78' lang='grc' dir='ltr'>πολὺ</span> <span class='ocrx_word' id='word_1_71' title='bbox 735 768 900 818; x_wconf 82' lang='grc' dir='ltr'>τούτου</span> <span class='ocrx_word' id='word_1_72' title='bbox 926 767 1285 834; x_wconf 82' lang='grc' dir='ltr'>κεχωρισμένον.</span> <span class='ocrx_word' id='word_1_73' title='bbox 1325 770 1447 836; x_wconf 80' lang='grc' dir='ltr'>φημὶ</span> <span class='ocrx_word' id='word_1_74' title='bbox 1471 768 1626 818; x_wconf 84' lang='grc' dir='ltr'>τοίνυν</span> <span class='ocrx_word' id='word_1_75' title='bbox 1650 769 1742 834; x_wconf 83' lang='grc' dir='ltr'>ἐγὼ</span> 
     </span>
     <span class='ocr_line' id='line_1_9' title="bbox 233 849 1744 916; baseline 0.001 -17"><span class='ocrx_word' id='word_1_76' title='bbox 233 849 434 901; x_wconf 78' lang='grc' dir='ltr'>κάλλιον</span> <span class='ocrx_word' id='word_1_77' title='bbox 472 849 585 901; x_wconf 78' lang='grc' dir='ltr'>εἶναι</span> <span class='ocrx_word' id='word_1_78' title='bbox 622 857 788 902; x_wconf 86' lang='grc' dir='ltr'>τοῦτον</span> <span class='ocrx_word' id='word_1_79' title='bbox 830 853 937 914; x_wconf 83' lang='grc' dir='ltr'>ὑμῖν</span> <span class='ocrx_word' id='word_1_80' title='bbox 975 853 1299 914; x_wconf 82' lang='grc' dir='ltr'>ἀκολουθῆσαι</span> <span class='ocrx_word' id='word_1_81' title='bbox 1334 852 1440 916; x_wconf 84' lang='grc' dir='ltr'>περὶ</span> <span class='ocrx_word' id='word_1_82' title='bbox 1472 856 1555 901; x_wconf 86' lang='grc' dir='ltr'>τοῦ</span> <span class='ocrx_word' id='word_1_83' title='bbox 1596 856 1744 901; x_wconf 85' lang='grc' dir='ltr'>λῦσαι</span> 
     </span>
     <span class='ocr_line' id='line_1_10' title="bbox 232 931 1738 1002; baseline 0.001 -20"><span class='ocrx_word' id='word_1_84' title='bbox 232 932 316 983; x_wconf 78' lang='grc' dir='ltr'>τὸν</span> <span class='ocrx_word' id='word_1_85' title='bbox 358 931 499 996; x_wconf 87' lang='grc' dir='ltr'>νόμον</span> <span class='ocrx_word' id='word_1_86' title='bbox 540 932 568 997; x_wconf 77' lang='grc' dir='ltr'>ἢ</span> <span class='ocrx_word' id='word_1_87' title='bbox 609 935 726 997; x_wconf 83' lang='grc' dir='ltr'>ὑμᾶς</span> <span class='ocrx_word' id='word_1_88' title='bbox 765 933 915 1002; x_wconf 81' lang='grc' dir='ltr'>τούτῳ</span> <span class='ocrx_word' id='word_1_89' title='bbox 959 935 1065 999; x_wconf 82' lang='grc' dir='ltr'>περὶ</span> <span class='ocrx_word' id='word_1_90' title='bbox 1109 939 1191 983; x_wconf 85' lang='grc' dir='ltr'>τοῦ</span> <span class='ocrx_word' id='word_1_91' title='bbox 1232 933 1438 994; x_wconf 63' lang='grc' dir='ltr'>εἰθέσθαι,</span> <span class='ocrx_word' id='word_1_92' title='bbox 1477 935 1552 982; x_wconf 81' lang='grc' dir='ltr'>καὶ</span> <span class='ocrx_word' id='word_1_93' title='bbox 1596 939 1738 983; x_wconf 84' lang='grc' dir='ltr'>λυσι-</span> 
     </span>
     <span class='ocr_line' id='line_1_11' title="bbox 233 1014 1745 1083; baseline 0 -17"><span class='ocrx_word' id='word_1_94' title='bbox 233 1016 511 1082; x_wconf 82' lang='grc' dir='ltr'>τελέστερον</span> <span class='ocrx_word' id='word_1_95' title='bbox 537 1014 650 1067; x_wconf 77' lang='grc' dir='ltr'>εἶναι</span> <span class='ocrx_word' id='word_1_96' title='bbox 689 1019 764 1067; x_wconf 82' lang='grc' dir='ltr'>καὶ</span> <span class='ocrx_word' id='word_1_97' title='bbox 797 1018 904 1079; x_wconf 85' lang='grc' dir='ltr'>ὑμῖν</span> <span class='ocrx_word' id='word_1_98' title='bbox 929 1017 1005 1066; x_wconf 81' lang='grc' dir='ltr'>καὶ</span> <span class='ocrx_word' id='word_1_99' title='bbox 1029 1014 1179 1083; x_wconf 75' lang='grc' dir='ltr'>τούτῳ</span> <span class='ocrx_word' id='word_1_100' title='bbox 1205 1014 1291 1078; x_wconf 88' lang='grc' dir='ltr'>τὴν</span> <span class='ocrx_word' id='word_1_101' title='bbox 1315 1014 1458 1065; x_wconf 89' lang='grc' dir='ltr'>πόλιν</span> <span class='ocrx_word' id='word_1_102' title='bbox 1482 1016 1745 1066; x_wconf 81' lang='grc' dir='ltr'>πεπεικέναι</span> 
     </span>
     <span class='ocr_line' id='line_1_12' title="bbox 235 1097 1798 1168; baseline 0 -18"><span class='ocrx_word' id='word_1_103' title='bbox 235 1101 471 1164; x_wconf 86' lang='grc' dir='ltr'>Λεπτίνην</span> <span class='ocrx_word' id='word_1_104' title='bbox 505 1101 664 1164; x_wconf 79' lang='grc' dir='ltr'>ὅμοιον</span> <span class='ocrx_word' id='word_1_105' title='bbox 690 1101 806 1168; x_wconf 80' lang='grc' dir='ltr'>αὐτῇ</span> <span class='ocrx_word' id='word_1_106' title='bbox 840 1099 1060 1166; x_wconf 83' lang='grc' dir='ltr'>γενέσθαι</span> <span class='ocrx_word' id='word_1_107' title='bbox 1095 1097 1271 1149; x_wconf 66' lang='grc' dir='ltr'>ι)δοκεῖν</span> <span class='ocrx_word' id='word_1_108' title='bbox 1296 1097 1324 1162; x_wconf 77' lang='grc' dir='ltr'>ἢ</span> <span class='ocrx_word' id='word_1_109' title='bbox 1352 1097 1496 1162; x_wconf 78' lang='grc' dir='ltr'>αὐτὴν</span> <span class='ocrx_word' id='word_1_110' title='bbox 1523 1099 1613 1150; x_wconf 85' lang='grc' dir='ltr'>ὑπὸ</span> <span class='ocrx_word' id='word_1_111' title='bbox 1639 1099 1798 1150; x_wconf 68' lang='grc' dir='ltr'>τού-ιο</span> 
     </span>
     <span class='ocr_line' id='line_1_13' title="bbox 234 1180 1745 1251; baseline 0 -18"><span class='ocrx_word' id='word_1_112' title='bbox 234 1205 316 1234; x_wconf 90' lang='grc' dir='ltr'>του</span> <span class='ocrx_word' id='word_1_113' title='bbox 366 1188 617 1235; x_wconf 84' lang='grc' dir='ltr'>πεπεῖσθαι</span> <span class='ocrx_word' id='word_1_114' title='bbox 668 1185 831 1247; x_wconf 85' lang='grc' dir='ltr'>ὁμοίαν</span> <span class='ocrx_word' id='word_1_115' title='bbox 874 1180 986 1233; x_wconf 77' lang='grc' dir='ltr'>εἶναι</span> <span class='ocrx_word' id='word_1_116' title='bbox 1036 1181 1202 1251; x_wconf 78' lang='grc' dir='ltr'>τούτῳ·</span> <span class='ocrx_word' id='word_1_117' title='bbox 1261 1181 1364 1233; x_wconf 80' lang='grc' dir='ltr'>οὐδὲ</span> <span class='ocrx_word' id='word_1_118' title='bbox 1405 1181 1498 1247; x_wconf 78' lang='grc' dir='ltr'>γὰρ</span> <span class='ocrx_word' id='word_1_119' title='bbox 1543 1186 1580 1232; x_wconf 81' lang='grc' dir='ltr'>εἰ</span> <span class='ocrx_word' id='word_1_120' title='bbox 1622 1180 1745 1233; x_wconf 82' lang='grc' dir='ltr'>πάνυ</span> 
     </span>
     <span class='ocr_line' id='line_1_14' title="bbox 233 1265 1747 1333; baseline 0.001 -17"><span class='ocrx_word' id='word_1_121' title='bbox 233 1266 443 1333; x_wconf 81' lang='grc' dir='ltr'>χρηστός</span> <span class='ocrx_word' id='word_1_122' title='bbox 481 1267 597 1329; x_wconf 80' lang='grc' dir='ltr'>ἐσθ’,</span> <span class='ocrx_word' id='word_1_123' title='bbox 625 1268 686 1320; x_wconf 88' lang='grc' dir='ltr'>ὡς</span> <span class='ocrx_word' id='word_1_124' title='bbox 725 1268 835 1330; x_wconf 86' lang='grc' dir='ltr'>ἐμοῦ</span> <span class='ocrx_word' id='word_1_125' title='bbox 869 1271 915 1332; x_wconf 84' lang='grc' dir='ltr'>γ’</span> <span class='ocrx_word' id='word_1_126' title='bbox 945 1266 1076 1317; x_wconf 81' lang='grc' dir='ltr'>ἕνεκα</span> <span class='ocrx_word' id='word_1_127' title='bbox 1113 1265 1252 1328; x_wconf 73' lang='grc' dir='ltr'>ἔστω,</span> <span class='ocrx_word' id='word_1_128' title='bbox 1277 1266 1481 1327; x_wconf 83' lang='grc' dir='ltr'>βελτίων</span> <span class='ocrx_word' id='word_1_129' title='bbox 1514 1266 1617 1315; x_wconf 84' lang='grc' dir='ltr'>ἐστὶ</span> <span class='ocrx_word' id='word_1_130' title='bbox 1642 1267 1747 1328; x_wconf 73' lang='grc' dir='ltr'>οἰ-ἧς</span> 
     </span>
     <span class='ocr_line' id='line_1_15' title="bbox 233 1349 672 1414; baseline 0.005 -14"><span class='ocrx_word' id='word_1_131' title='bbox 233 1349 417 1403; x_wconf 88' lang='grc' dir='ltr'>πόλεως</span> <span class='ocrx_word' id='word_1_132' title='bbox 443 1349 522 1401; x_wconf 63' lang='grc' dir='ltr'>ι’τὸ</span> <span class='ocrx_word' id='word_1_133' title='bbox 547 1349 672 1414; x_wconf 78' lang='grc' dir='ltr'>ἦθος.</span> 
     </span>
    </p>

    <p class='ocr_par' dir='ltr' id='par_1_4' title="bbox 172 1431 1800 1998">
     <span class='ocr_line' id='line_1_16' title="bbox 172 1431 1747 1500; baseline 0 -16"><span class='ocrx_word' id='word_1_134' title='bbox 172 1437 221 1476; x_wconf 83' lang='lat'>16</span> <span class='ocrx_word' id='word_1_135' title='bbox 309 1432 499 1498; x_wconf 74' lang='grc' dir='ltr'>Νομίζω</span> <span class='ocrx_word' id='word_1_136' title='bbox 537 1435 692 1485; x_wconf 86' lang='grc' dir='ltr'>τοίνυν</span> <span class='ocrx_word' id='word_1_137' title='bbox 731 1435 863 1497; x_wconf 83' lang='grc' dir='ltr'>ὑμᾶς,</span> <span class='ocrx_word' id='word_1_138' title='bbox 898 1432 935 1484; x_wconf 74' lang='grc' dir='ltr'><em>ὦ</em></span> <span class='ocrx_word' id='word_1_139' title='bbox 968 1434 1132 1500; x_wconf 76' lang='grc' dir='ltr'>ἄνδρες</span> <span class='ocrx_word' id='word_1_140' title='bbox 1166 1441 1182 1461; x_wconf 72' lang='lat'>‘³</span> <span class='ocrx_word' id='word_1_141' title='bbox 1202 1436 1434 1495; x_wconf 84' lang='grc' dir='ltr'>δικασταὶ,</span> <span class='ocrx_word' id='word_1_142' title='bbox 1467 1432 1654 1497; x_wconf 77' lang='grc' dir='ltr'>ἄμεινον</span> <span class='ocrx_word' id='word_1_143' title='bbox 1687 1431 1747 1484; x_wconf 80' lang='grc' dir='ltr'>ἂν</span> 
     </span>
     <span class='ocr_line' id='line_1_17' title="bbox 233 1515 1795 1583; baseline 0.002 -17"><span class='ocrx_word' id='word_1_144' title='bbox 233 1518 339 1582; x_wconf 83' lang='grc' dir='ltr'>περὶ</span> <span class='ocrx_word' id='word_1_145' title='bbox 364 1523 446 1567; x_wconf 85' lang='grc' dir='ltr'>τοῦ</span> <span class='ocrx_word' id='word_1_146' title='bbox 483 1516 732 1583; x_wconf 51' lang='grc' dir='ltr'>ῑπαρόντος</span> <span class='ocrx_word' id='word_1_147' title='bbox 763 1517 1137 1579; x_wconf 83' lang='grc' dir='ltr'>βουλεύσασθαι,</span> <span class='ocrx_word' id='word_1_148' title='bbox 1165 1521 1202 1567; x_wconf 82' lang='grc' dir='ltr'>εὶ</span> <span class='ocrx_word' id='word_1_149' title='bbox 1233 1519 1415 1567; x_wconf 85' lang='grc' dir='ltr'>κάκεῖνο</span> <span class='ocrx_word' id='word_1_150' title='bbox 1446 1515 1651 1580; x_wconf 79' lang='grc' dir='ltr'>μάθοιτε,</span> <span class='ocrx_word' id='word_1_151' title='bbox 1675 1516 1746 1568; x_wconf 80' lang='grc' dir='ltr'>ὅτι</span> <span class='ocrx_word' id='word_1_152' title='bbox 1759 1538 1795 1570; x_wconf 85' lang='lat'>15</span> 
     </span>
     <span class='ocr_line' id='line_1_18' title="bbox 235 1597 1748 1668; baseline 0 -19"><span class='ocrx_word' id='word_1_153' title='bbox 235 1597 272 1668; x_wconf 74' lang='grc' dir='ltr'>ᾧ</span> <span class='ocrx_word' id='word_1_154' title='bbox 310 1598 438 1668; x_wconf 78' lang='grc' dir='ltr'>μόνῳ</span> <span class='ocrx_word' id='word_1_155' title='bbox 475 1600 653 1666; x_wconf 74' lang='grc' dir='ltr'>μείζους</span> <span class='ocrx_word' id='word_1_156' title='bbox 687 1603 806 1650; x_wconf 81' lang='grc' dir='ltr'>εἰσὶν</span> <span class='ocrx_word' id='word_1_157' title='bbox 845 1604 891 1650; x_wconf 78' lang='grc' dir='ltr'>αἱ</span> <span class='ocrx_word' id='word_1_158' title='bbox 925 1599 1054 1666; x_wconf 81' lang='grc' dir='ltr'>παρὰ</span> <span class='ocrx_word' id='word_1_159' title='bbox 1094 1604 1215 1650; x_wconf 63' lang='grc' dir='ltr'>ἕτῶν</span> <span class='ocrx_word' id='word_1_160' title='bbox 1254 1598 1414 1663; x_wconf 85' lang='grc' dir='ltr'>δήμων</span> <span class='ocrx_word' id='word_1_161' title='bbox 1453 1602 1617 1665; x_wconf 81' lang='grc' dir='ltr'>δωρεαὶ</span> <span class='ocrx_word' id='word_1_162' title='bbox 1654 1604 1748 1650; x_wconf 82' lang='grc' dir='ltr'>τῶν</span> 
     </span>
     <span class='ocr_line' id='line_1_19' title="bbox 235 1681 1743 1749; baseline -0.001 -16"><span class='ocrx_word' id='word_1_163' title='bbox 235 1683 363 1749; x_wconf 82' lang='grc' dir='ltr'>παρὰ</span> <span class='ocrx_word' id='word_1_164' title='bbox 388 1688 482 1734; x_wconf 81' lang='grc' dir='ltr'>τῶν</span> <span class='ocrx_word' id='word_1_165' title='bbox 508 1684 673 1734; x_wconf 80' lang='grc' dir='ltr'>ἄλλων</span> <span class='ocrx_word' id='word_1_166' title='bbox 698 1683 719 1710; x_wconf 78' lang='lat'>¹¹</span> <span class='ocrx_word' id='word_1_167' title='bbox 735 1688 984 1734; x_wconf 80' lang='grc' dir='ltr'>πολιτειῶν</span> <span class='ocrx_word' id='word_1_168' title='bbox 1015 1683 1280 1747; x_wconf 78' lang='grc' dir='ltr'>διδομένων,</span> <span class='ocrx_word' id='word_1_169' title='bbox 1306 1685 1382 1733; x_wconf 82' lang='grc' dir='ltr'>καὶ</span> <span class='ocrx_word' id='word_1_170' title='bbox 1419 1688 1558 1733; x_wconf 84' lang='grc' dir='ltr'>τοῦτο</span> <span class='ocrx_word' id='word_1_171' title='bbox 1592 1681 1743 1732; x_wconf 85' lang='grc' dir='ltr'>ἰοἰναι-</span> 
     </span>
     <span class='ocr_line' id='line_1_20' title="bbox 233 1766 1744 1836; baseline -0.001 -20"><span class='ocrx_word' id='word_1_172' title='bbox 233 1771 379 1831; x_wconf 83' lang='grc' dir='ltr'>ρεΐται</span> <span class='ocrx_word' id='word_1_173' title='bbox 418 1772 499 1816; x_wconf 82' lang='grc' dir='ltr'>νῦν</span> <span class='ocrx_word' id='word_1_174' title='bbox 535 1771 602 1835; x_wconf 71' lang='grc' dir='ltr'>τῷ</span> <span class='ocrx_word' id='word_1_175' title='bbox 641 1767 781 1836; x_wconf 75' lang='grc' dir='ltr'>νόμῳ.</span> <span class='ocrx_word' id='word_1_176' title='bbox 821 1771 879 1834; x_wconf 85' lang='grc' dir='ltr'>τῇ</span> <span class='ocrx_word' id='word_1_177' title='bbox 916 1766 999 1830; x_wconf 78' lang='grc' dir='ltr'>μὲν</span> <span class='ocrx_word' id='word_1_178' title='bbox 1029 1766 1122 1832; x_wconf 81' lang='grc' dir='ltr'>γὰρ</span> <span class='ocrx_word' id='word_1_179' title='bbox 1148 1767 1281 1834; x_wconf 76' lang='grc' dir='ltr'>χρείᾳ</span> <span class='ocrx_word' id='word_1_180' title='bbox 1317 1770 1375 1833; x_wconf 84' lang='grc' dir='ltr'>τῇ</span> <span class='ocrx_word' id='word_1_181' title='bbox 1410 1770 1504 1816; x_wconf 83' lang='grc' dir='ltr'>τῶν</span> <span class='ocrx_word' id='word_1_182' title='bbox 1528 1767 1744 1831; x_wconf 88' lang='grc' dir='ltr'>εὑρισκο-</span> 
     </span>
     <span class='ocr_line' id='line_1_21' title="bbox 233 1848 1747 1916; baseline 0.001 -17"><span class='ocrx_word' id='word_1_183' title='bbox 233 1849 385 1912; x_wconf 80' lang='grc' dir='ltr'>μένων</span> <span class='ocrx_word' id='word_1_184' title='bbox 427 1848 510 1902; x_wconf 82' lang='grc' dir='ltr'>τάς</span> <span class='ocrx_word' id='word_1_185' title='bbox 555 1850 730 1915; x_wconf 82' lang='grc' dir='ltr'>δωρεὰς</span> <span class='ocrx_word' id='word_1_186' title='bbox 779 1854 819 1900; x_wconf 82' lang='grc' dir='ltr'>οἱ</span> <span class='ocrx_word' id='word_1_187' title='bbox 870 1849 1087 1916; x_wconf 83' lang='grc' dir='ltr'>τύραννοι</span> <span class='ocrx_word' id='word_1_188' title='bbox 1136 1853 1210 1900; x_wconf 82' lang='grc' dir='ltr'>καὶ</span> <span class='ocrx_word' id='word_1_189' title='bbox 1257 1853 1299 1899; x_wconf 80' lang='grc' dir='ltr'>οἱ</span> <span class='ocrx_word' id='word_1_190' title='bbox 1342 1849 1425 1902; x_wconf 81' lang='grc' dir='ltr'>τὰς</span> <span class='ocrx_word' id='word_1_191' title='bbox 1469 1850 1747 1916; x_wconf 75' lang='grc' dir='ltr'>ὀλιγαρχίας</span> 
     </span>
     <span class='ocr_line' id='line_1_22' title="bbox 235 1930 1800 1998; baseline 0.001 -17"><span class='ocrx_word' id='word_1_192' title='bbox 235 1932 419 1998; x_wconf 77' lang='grc' dir='ltr'>ἔχοντες</span> <span class='ocrx_word' id='word_1_193' title='bbox 458 1931 476 1958; x_wconf 66' lang='lat'>¹³</span> <span class='ocrx_word' id='word_1_194' title='bbox 495 1931 709 1995; x_wconf 82' lang='grc' dir='ltr'>μάλιστα</span> <span class='ocrx_word' id='word_1_195' title='bbox 749 1933 967 1984; x_wconf 84' lang='grc' dir='ltr'>δύνανται</span> <span class='ocrx_word' id='word_1_196' title='bbox 1003 1937 1154 1995; x_wconf 82' lang='grc' dir='ltr'>τιμᾶν·</span> <span class='ocrx_word' id='word_1_197' title='bbox 1193 1933 1429 1983; x_wconf 84' lang='grc' dir='ltr'>πλούσιον</span> <span class='ocrx_word' id='word_1_198' title='bbox 1467 1931 1560 1998; x_wconf 79' lang='grc' dir='ltr'>γὰρ</span> <span class='ocrx_word' id='word_1_199' title='bbox 1602 1930 1655 1982; x_wconf 72' lang='grc' dir='ltr'>ὃν</span> <span class='ocrx_word' id='word_1_200' title='bbox 1689 1930 1747 1982; x_wconf 79' lang='grc' dir='ltr'>ἂν</span> <span class='ocrx_word' id='word_1_201' title='bbox 1761 1952 1800 1974; x_wconf 89' lang='lat'>20</span> 
     </span>
    </p>
   </div>
   <div class='ocr_carea' id='block_1_3' title="bbox 1536 2013 1546 2040">
    <p class='ocr_par' dir='ltr' id='par_1_5' title="bbox 1536 2013 1546 2040">
     <span class='ocr_line' id='line_1_23' title="bbox 1536 2013 1546 2040; baseline 0 0"><span class='ocrx_word' id='word_1_202' title='bbox 1536 2013 1546 2040; x_wconf 96' lang='grc'><strong>1</strong></span> 
     </span>
    </p>
   </div>
   <div class='ocr_carea' id='block_1_4' title="bbox 173 2015 1748 2083">
    <p class='ocr_par' dir='ltr' id='par_1_6' title="bbox 173 2015 1748 2083">
     <span class='ocr_line' id='line_1_24' title="bbox 173 2015 1748 2083; baseline -0.003 -14"><span class='ocrx_word' id='word_1_203' title='bbox 173 2015 503 2075; x_wconf 76' lang='grc' dir='ltr'>Ι7βούλωνται</span> <span class='ocrx_word' id='word_1_204' title='bbox 552 2018 821 2083; x_wconf 84' lang='grc' dir='ltr'>παραχρῆμ’</span> <span class='ocrx_word' id='word_1_205' title='bbox 874 2017 1117 2079; x_wconf 89' lang='grc' dir='ltr'>ἐποίησαν·</span> <span class='ocrx_word' id='word_1_206' title='bbox 1177 2019 1234 2082; x_wconf 85' lang='grc' dir='ltr'>τῇ</span> <span class='ocrx_word' id='word_1_207' title='bbox 1276 2015 1325 2065; x_wconf 81' lang='grc' dir='ltr'>δὲ</span> <span class='ocrx_word' id='word_1_208' title='bbox 1375 2018 1486 2080; x_wconf 86' lang='grc' dir='ltr'>τιμῇ</span> <span class='ocrx_word' id='word_1_209' title='bbox 1565 2016 1639 2064; x_wconf 83' lang='grc' dir='ltr'>καὶ</span> <span class='ocrx_word' id='word_1_210' title='bbox 1689 2018 1748 2080; x_wconf 86' lang='grc' dir='ltr'>τῇ</span> 
     </span>
    </p>
   </div>
   <div class='ocr_carea' id='block_1_5' title="bbox 235 2096 1749 2333">
    <p class='ocr_par' dir='ltr' id='par_1_7' title="bbox 235 2096 1749 2333">
     <span class='ocr_line' id='line_1_25' title="bbox 235 2096 1749 2166; baseline -0.002 -18"><span class='ocrx_word' id='word_1_211' title='bbox 235 2098 507 2162; x_wconf 81' lang='grc' dir='ltr'>βεβαιότητι</span> <span class='ocrx_word' id='word_1_212' title='bbox 533 2098 616 2151; x_wconf 77' lang='grc' dir='ltr'>τὰς</span> <span class='ocrx_word' id='word_1_213' title='bbox 640 2099 770 2166; x_wconf 83' lang='grc' dir='ltr'>παρὰ</span> <span class='ocrx_word' id='word_1_214' title='bbox 794 2103 927 2149; x_wconf 71' lang='grc' dir='ltr'>111τῶν</span> <span class='ocrx_word' id='word_1_215' title='bbox 953 2098 1113 2162; x_wconf 88' lang='grc' dir='ltr'>δήμων</span> <span class='ocrx_word' id='word_1_216' title='bbox 1142 2096 1314 2163; x_wconf 81' lang='grc' dir='ltr'>δωρεὰς</span> <span class='ocrx_word' id='word_1_217' title='bbox 1351 2096 1568 2162; x_wconf 86' lang='grc' dir='ltr'>εὑρήσετε</span> <span class='ocrx_word' id='word_1_218' title='bbox 1603 2097 1749 2150; x_wconf 76' lang='grc' dir='ltr'>οὔσας</span> 
     </span>
     <span class='ocr_line' id='line_1_26' title="bbox 236 2178 1749 2248; baseline -0.001 -18"><span class='ocrx_word' id='word_1_219' title='bbox 236 2181 463 2241; x_wconf 89' lang='grc' dir='ltr'>βελτίους.</span> <span class='ocrx_word' id='word_1_220' title='bbox 504 2181 558 2231; x_wconf 85' lang='grc' dir='ltr'>τό</span> <span class='ocrx_word' id='word_1_221' title='bbox 598 2205 647 2232; x_wconf 89' lang='grc' dir='ltr'>τε</span> <span class='ocrx_word' id='word_1_222' title='bbox 690 2181 783 2248; x_wconf 79' lang='grc' dir='ltr'>γὰρ</span> <span class='ocrx_word' id='word_1_223' title='bbox 827 2181 891 2245; x_wconf 85' lang='grc' dir='ltr'>μὴ</span> <span class='ocrx_word' id='word_1_224' title='bbox 928 2183 1022 2245; x_wconf 87' lang='grc' dir='ltr'>μετ’</span> <span class='ocrx_word' id='word_1_225' title='bbox 1061 2180 1287 2247; x_wconf 78' lang='grc' dir='ltr'>αἰσχύνης</span> <span class='ocrx_word' id='word_1_226' title='bbox 1326 2182 1387 2233; x_wconf 80' lang='grc' dir='ltr'>ὡς</span> <span class='ocrx_word' id='word_1_227' title='bbox 1433 2178 1749 2229; x_wconf 86' lang='grc' dir='ltr'>κολακεύοντα</span> 
     </span>
     <span class='ocr_line' id='line_1_27' title="bbox 237 2260 1748 2333; baseline -0.001 -20"><span class='ocrx_word' id='word_1_228' title='bbox 237 2263 510 2326; x_wconf 79' lang='grc' dir='ltr'>λαμβάνειν,</span> <span class='ocrx_word' id='word_1_229' title='bbox 546 2266 655 2315; x_wconf 82' lang='grc' dir='ltr'>ἀλλ’</span> <span class='ocrx_word' id='word_1_230' title='bbox 697 2267 745 2315; x_wconf 86' lang='grc' dir='ltr'>ἐν</span> <span class='ocrx_word' id='word_1_231' title='bbox 784 2266 1003 2333; x_wconf 76' lang='grc' dir='ltr'>ἰσηγορίᾳ</span> <span class='ocrx_word' id='word_1_232' title='bbox 1044 2267 1269 2314; x_wconf 85' lang='grc' dir='ltr'>δοκοῦντα</span> <span class='ocrx_word' id='word_1_233' title='bbox 1306 2260 1440 2330; x_wconf 76' lang='grc' dir='ltr'>ἄξιόν</span> <span class='ocrx_word' id='word_1_234' title='bbox 1474 2284 1598 2314; x_wconf 90' lang='grc' dir='ltr'>τινος</span> <span class='ocrx_word' id='word_1_235' title='bbox 1635 2260 1748 2311; x_wconf 77' lang='grc' dir='ltr'>εἶναι</span> 
     </span>
    </p>
   </div>
   <div class='ocr_carea' id='block_1_6' title="bbox 236 2343 1797 2411">
    <p class='ocr_par' dir='ltr' id='par_1_8' title="bbox 236 2343 1797 2411">
     <span class='ocr_line' id='line_1_28' title="bbox 236 2343 1797 2411; baseline 0.001 -15"><span class='ocrx_word' id='word_1_236' title='bbox 236 2351 464 2411; x_wconf 84' lang='grc' dir='ltr'>τιμᾶσθαι</span> <span class='ocrx_word' id='word_1_237' title='bbox 497 2352 591 2397; x_wconf 82' lang='grc' dir='ltr'>τῶν</span> <span class='ocrx_word' id='word_1_238' title='bbox 617 2352 776 2398; x_wconf 85' lang='grc' dir='ltr'>καλῶν</span> <span class='ocrx_word' id='word_1_239' title='bbox 803 2349 919 2409; x_wconf 74' lang='grc' dir='ltr'>ἐστὶ,</span> <span class='ocrx_word' id='word_1_240' title='bbox 945 2346 999 2397; x_wconf 85' lang='grc' dir='ltr'>τό</span> <span class='ocrx_word' id='word_1_241' title='bbox 1029 2369 1078 2397; x_wconf 88' lang='grc' dir='ltr'>τε</span> <span class='ocrx_word' id='word_1_242' title='bbox 1115 2345 1203 2397; x_wconf 81' lang='grc' dir='ltr'>ὑπὸ</span> <span class='ocrx_word' id='word_1_243' title='bbox 1231 2351 1325 2396; x_wconf 82' lang='grc' dir='ltr'>τῶν</span> <span class='ocrx_word' id='word_1_244' title='bbox 1351 2346 1522 2409; x_wconf 87' lang='grc' dir='ltr'>ὁμοίων</span> <span class='ocrx_word' id='word_1_245' title='bbox 1548 2343 1746 2395; x_wconf 87' lang='grc' dir='ltr'>ἑκόντων</span> <span class='ocrx_word' id='word_1_246' title='bbox 1760 2366 1797 2398; x_wconf 85' lang='lat'>25</span> 
     </span>
    </p>
   </div>
   <div class='ocr_carea' id='block_1_7' title="bbox 238 2501 1751 2654">
    <p class='ocr_par' dir='ltr' id='par_1_9' title="bbox 238 2501 1751 2654">
     <span class='ocr_line' id='line_1_29' title="bbox 294 2501 1751 2549; baseline -0.002 -12"><span class='ocrx_word' id='word_1_247' title='bbox 294 2511 311 2529; x_wconf 67' lang='lat'>‘⁴</span> <span class='ocrx_word' id='word_1_248' title='bbox 333 2503 464 2548; x_wconf 84' lang='grc' dir='ltr'>θέντος]</span> <span class='ocrx_word' id='word_1_249' title='bbox 489 2503 646 2538; x_wconf 84' lang='grc' dir='ltr'>δοθέντος</span> <span class='ocrx_word' id='word_1_250' title='bbox 666 2516 694 2537; x_wconf 89' lang='lat' dir='ltr'>r.</span> <span class='ocrx_word' id='word_1_251' title='bbox 797 2510 816 2538; x_wconf 71' lang='lat' dir='ltr'>,V</span> <span class='ocrx_word' id='word_1_252' title='bbox 838 2503 1012 2549; x_wconf 81' lang='grc' dir='ltr'>φλαῦρον]</span> <span class='ocrx_word' id='word_1_253' title='bbox 1038 2504 1174 2547; x_wconf 81' lang='grc' dir='ltr'>φαῦλον</span> <span class='ocrx_word' id='word_1_254' title='bbox 1195 2516 1221 2537; x_wconf 87' lang='lat' dir='ltr'>s.</span> <span class='ocrx_word' id='word_1_255' title='bbox 1322 2508 1339 2527; x_wconf 83' lang='grc' dir='ltr'><strong>Ζ</strong></span> <span class='ocrx_word' id='word_1_256' title='bbox 1360 2501 1480 2547; x_wconf 89' lang='grc' dir='ltr'>νόμου]</span> <span class='ocrx_word' id='word_1_257' title='bbox 1504 2504 1607 2545; x_wconf 88' lang='grc' dir='ltr'>νόμου</span> <span class='ocrx_word' id='word_1_258' title='bbox 1627 2501 1751 2535; x_wconf 80' lang='grc' dir='ltr'>τούτου</span> 
     </span>
     <span class='ocr_line' id='line_1_30' title="bbox 239 2552 1751 2602; baseline -0.001 -13"><span class='ocrx_word' id='word_1_259' title='bbox 239 2557 385 2591; x_wconf 87' lang='lat' dir='ltr'><strong>A.k.r.V.</strong></span> <span class='ocrx_word' id='word_1_260' title='bbox 401 2562 436 2590; x_wconf 81' lang='lat' dir='ltr'>et</span> <span class='ocrx_word' id='word_1_261' title='bbox 450 2571 506 2601; x_wconf 82' lang='grc' dir='ltr'>γρ.</span> <span class='ocrx_word' id='word_1_262' title='bbox 523 2556 560 2590; x_wconf 90' lang='lat' dir='ltr'>F.</span> <span class='ocrx_word' id='word_1_263' title='bbox 630 2562 648 2581; x_wconf 76' lang='lat' dir='ltr'>fl·</span> <span class='ocrx_word' id='word_1_264' title='bbox 664 2556 801 2602; x_wconf 84' lang='grc' dir='ltr'>θέσθαι]</span> <span class='ocrx_word' id='word_1_265' title='bbox 828 2556 948 2590; x_wconf 76' lang='grc' dir='ltr'>θέσθαι</span> <span class='ocrx_word' id='word_1_266' title='bbox 969 2557 1076 2590; x_wconf 80' lang='grc' dir='ltr'>δοκεῖν</span> <span class='ocrx_word' id='word_1_267' title='bbox 1096 2557 1177 2590; x_wconf 80' lang='lat' dir='ltr'><strong>A.k.</strong></span> <span class='ocrx_word' id='word_1_268' title='bbox 1246 2552 1265 2580; x_wconf 78' lang='lat' dir='ltr'>b</span> <span class='ocrx_word' id='word_1_269' title='bbox 1285 2556 1394 2589; x_wconf 80' lang='grc' dir='ltr'>δοκεῖν</span> <span class='ocrx_word' id='word_1_270' title='bbox 1414 2567 1484 2589; x_wconf 83' lang='grc'><strong>0111.</strong></span> <span class='ocrx_word' id='word_1_271' title='bbox 1506 2556 1588 2589; x_wconf 83' lang='lat' dir='ltr'>A.k.</span> <span class='ocrx_word' id='word_1_272' title='bbox 1657 2560 1673 2579; x_wconf 77' lang='lat'>⁰</span> <span class='ocrx_word' id='word_1_273' title='bbox 1692 2556 1751 2597; x_wconf 85' lang='grc' dir='ltr'>τῆς</span> 
     </span>
     <span class='ocr_line' id='line_1_31' title="bbox 238 2605 1748 2654; baseline 0 -12"><span class='ocrx_word' id='word_1_274' title='bbox 238 2610 369 2644; x_wconf 86' lang='grc' dir='ltr'>πόλεως</span> <span class='ocrx_word' id='word_1_275' title='bbox 389 2610 428 2642; x_wconf 90' lang='grc' dir='ltr'>τὸ</span> <span class='ocrx_word' id='word_1_276' title='bbox 448 2608 547 2654; x_wconf 80' lang='grc' dir='ltr'>ἦθος]</span> <span class='ocrx_word' id='word_1_277' title='bbox 572 2611 631 2642; x_wconf 84' lang='grc' dir='ltr'>τοῦ</span> <span class='ocrx_word' id='word_1_278' title='bbox 651 2610 710 2652; x_wconf 83' lang='grc' dir='ltr'>τῆς</span> <span class='ocrx_word' id='word_1_279' title='bbox 729 2610 861 2644; x_wconf 81' lang='grc' dir='ltr'>πόλεως</span> <span class='ocrx_word' id='word_1_280' title='bbox 880 2609 978 2652; x_wconf 77' lang='grc' dir='ltr'>ἤθους</span> <span class='ocrx_word' id='word_1_281' title='bbox 998 2610 1034 2644; x_wconf 88' lang='lat' dir='ltr'>k.</span> <span class='ocrx_word' id='word_1_282' title='bbox 1138 2605 1156 2633; x_wconf 76' lang='lat' dir='ltr'>d</span> <span class='ocrx_word' id='word_1_283' title='bbox 1177 2610 1215 2642; x_wconf 83' lang='grc' dir='ltr'>τὸ</span> <span class='ocrx_word' id='word_1_284' title='bbox 1235 2620 1305 2643; x_wconf 86' lang='grc'><strong>0111.</strong></span> <span class='ocrx_word' id='word_1_285' title='bbox 1329 2610 1372 2643; x_wconf 89' lang='lat' dir='ltr'>A.</span> <span class='ocrx_word' id='word_1_286' title='bbox 1468 2613 1484 2632; x_wconf 66' lang='lat' dir='ltr'>e</span> <span class='ocrx_word' id='word_1_287' title='bbox 1504 2608 1660 2641; x_wconf 78' lang='grc' dir='ltr'>δικασταὶ</span> <span class='ocrx_word' id='word_1_288' title='bbox 1679 2619 1748 2642; x_wconf 88' lang='grc'><strong>0111.</strong></span> 
     </span>
    </p>
   </div>
   <div class='ocr_carea' id='block_1_8' title="bbox 238 2661 1752 2989">
    <p class='ocr_par' dir='ltr' id='par_1_10' title="bbox 238 2661 1752 2989">
     <span class='ocr_line' id='line_1_32' title="bbox 238 2661 1752 2725; baseline -0.001 -14"><span class='ocrx_word' id='word_1_289' title='bbox 238 2679 274 2711; x_wconf 88' lang='lat' dir='ltr'>k.</span> <span class='ocrx_word' id='word_1_290' title='bbox 305 2661 329 2711; x_wconf 62' lang='grc' dir='ltr'>ἔ)</span> <span class='ocrx_word' id='word_1_291' title='bbox 349 2678 391 2712; x_wconf 88' lang='grc' dir='ltr'>Α.</span> <span class='ocrx_word' id='word_1_292' title='bbox 504 2674 518 2702; x_wconf 77' lang='lat' dir='ltr'><strong>f</strong></span> <span class='ocrx_word' id='word_1_293' title='bbox 535 2679 720 2725; x_wconf 84' lang='grc' dir='ltr'>παρόντος]</span> <span class='ocrx_word' id='word_1_294' title='bbox 744 2679 869 2713; x_wconf 83' lang='grc' dir='ltr'>παντὸς</span> <span class='ocrx_word' id='word_1_295' title='bbox 889 2684 915 2711; x_wconf 86' lang='lat' dir='ltr'>t.</span> <span class='ocrx_word' id='word_1_296' title='bbox 957 2680 1123 2722; x_wconf 80' lang='grc' dir='ltr'>παρόντος</span> <span class='ocrx_word' id='word_1_297' title='bbox 1144 2679 1246 2721; x_wconf 84' lang='grc' dir='ltr'>νόμον</span> <span class='ocrx_word' id='word_1_298' title='bbox 1266 2689 1294 2711; x_wconf 91' lang='lat' dir='ltr'>r.</span> <span class='ocrx_word' id='word_1_299' title='bbox 1337 2677 1439 2720; x_wconf 86' lang='grc' dir='ltr'>νόμου</span> <span class='ocrx_word' id='word_1_300' title='bbox 1459 2677 1537 2710; x_wconf 85' lang='lat' dir='ltr'><strong>A.k.</strong></span> <span class='ocrx_word' id='word_1_301' title='bbox 1649 2681 1670 2709; x_wconf 74' lang='lat' dir='ltr'>g</span> <span class='ocrx_word' id='word_1_302' title='bbox 1684 2678 1752 2709; x_wconf 83' lang='grc' dir='ltr'>τῶν</span> 
     </span>
     <span class='ocr_line' id='line_1_33' title="bbox 239 2726 1749 2778; baseline -0.001 -15"><span class='ocrx_word' id='word_1_303' title='bbox 239 2730 368 2778; x_wconf 81' lang='grc' dir='ltr'>δήμων]</span> <span class='ocrx_word' id='word_1_304' title='bbox 393 2732 452 2764; x_wconf 84' lang='grc' dir='ltr'>τοῦ</span> <span class='ocrx_word' id='word_1_305' title='bbox 473 2730 578 2774; x_wconf 75' lang='grc' dir='ltr'>δῆμον</span> <span class='ocrx_word' id='word_1_306' title='bbox 598 2732 680 2765; x_wconf 86' lang='lat' dir='ltr'>A.k.</span> <span class='ocrx_word' id='word_1_307' title='bbox 782 2727 802 2754; x_wconf 79' lang='lat' dir='ltr'><strong>h</strong></span> <span class='ocrx_word' id='word_1_308' title='bbox 822 2731 1019 2776; x_wconf 84' lang='grc' dir='ltr'>πολιτειῶν]</span> <span class='ocrx_word' id='word_1_309' title='bbox 1044 2733 1194 2764; x_wconf 84' lang='grc' dir='ltr'>πολιτῶν</span> <span class='ocrx_word' id='word_1_310' title='bbox 1214 2731 1255 2763; x_wconf 83' lang='grc' dir='ltr'>Α.</span> <span class='ocrx_word' id='word_1_311' title='bbox 1352 2726 1360 2753; x_wconf 67' lang='grc' dir='ltr'><strong>ἰ</strong></span> <span class='ocrx_word' id='word_1_312' title='bbox 1381 2729 1579 2775; x_wconf 79' lang='grc' dir='ltr'>ἀναιρεῖται]</span> <span class='ocrx_word' id='word_1_313' title='bbox 1603 2728 1749 2774; x_wconf 80' lang='grc' dir='ltr'>ἀνερεῖτε</span> 
     </span>
     <span class='ocr_line' id='line_1_34' title="bbox 239 2783 1748 2829; baseline -0.001 -14"><span class='ocrx_word' id='word_1_314' title='bbox 239 2795 290 2828; x_wconf 81' lang='lat' dir='ltr'>pr.</span> <span class='ocrx_word' id='word_1_315' title='bbox 314 2784 350 2818; x_wconf 87' lang='lat' dir='ltr'>S.</span> <span class='ocrx_word' id='word_1_316' title='bbox 373 2796 414 2817; x_wconf 85' lang='lat' dir='ltr'>ex</span> <span class='ocrx_word' id='word_1_317' title='bbox 432 2795 501 2829; x_wconf 87' lang='lat' dir='ltr'>quo</span> <span class='ocrx_word' id='word_1_318' title='bbox 525 2785 645 2818; x_wconf 78' lang='lat' dir='ltr'><strong>eadem</strong></span> <span class='ocrx_word' id='word_1_319' title='bbox 672 2796 794 2817; x_wconf 85' lang='lat' dir='ltr'>manus</span> <span class='ocrx_word' id='word_1_320' title='bbox 820 2783 977 2828; x_wconf 79' lang='grc' dir='ltr'>ιίφερεῖτε</span> <span class='ocrx_word' id='word_1_321' title='bbox 1002 2784 1095 2818; x_wconf 86' lang='lat' dir='ltr'><strong>fecit.</strong></span> <span class='ocrx_word' id='word_1_322' title='bbox 1152 2784 1241 2817; x_wconf 82' lang='lat' dir='ltr'>Turn</span> <span class='ocrx_word' id='word_1_323' title='bbox 1270 2783 1379 2817; x_wconf 84' lang='lat' dir='ltr'><strong>literae</strong></span> <span class='ocrx_word' id='word_1_324' title='bbox 1406 2783 1539 2817; x_wconf 75' lang='lat' dir='ltr'>ultima:</span> <span class='ocrx_word' id='word_1_325' title='bbox 1568 2797 1601 2815; x_wconf 87' lang='grc' dir='ltr'>αι</span> <span class='ocrx_word' id='word_1_326' title='bbox 1627 2793 1748 2826; x_wconf 87' lang='lat' dir='ltr'>super-</span> 
     </span>
     <span class='ocr_line' id='line_1_35' title="bbox 240 2835 1746 2882; baseline -0.001 -13"><span class='ocrx_word' id='word_1_327' title='bbox 240 2836 407 2881; x_wconf 85' lang='lat' dir='ltr'>scriptum</span> <span class='ocrx_word' id='word_1_328' title='bbox 428 2849 447 2870; x_wconf 83' lang='lat' dir='ltr'>a</span> <span class='ocrx_word' id='word_1_329' title='bbox 467 2849 512 2871; x_wconf 92' lang='lat' dir='ltr'>m.</span> <span class='ocrx_word' id='word_1_330' title='bbox 533 2837 783 2871; x_wconf 79' lang='lat' dir='ltr'>recentissima.</span> <span class='ocrx_word' id='word_1_331' title='bbox 824 2837 1016 2882; x_wconf 81' lang='grc' dir='ltr'>ἀφαιρεῖται</span> <span class='ocrx_word' id='word_1_332' title='bbox 1037 2843 1087 2871; x_wconf 83' lang='lat' dir='ltr'>est</span> <span class='ocrx_word' id='word_1_333' title='bbox 1109 2850 1142 2882; x_wconf 84' lang='lat' dir='ltr'>p.</span> <span class='ocrx_word' id='word_1_334' title='bbox 1164 2835 1254 2881; x_wconf 88' lang='lat'>462,</span> <span class='ocrx_word' id='word_1_335' title='bbox 1276 2846 1311 2881; x_wconf 77' lang='lat'>3.</span> <span class='ocrx_word' id='word_1_336' title='bbox 1350 2835 1496 2880; x_wconf 78' lang='grc' dir='ltr'>ἀναιρεῖν</span> <span class='ocrx_word' id='word_1_337' title='bbox 1514 2848 1547 2881; x_wconf 86' lang='lat' dir='ltr'>p.</span> <span class='ocrx_word' id='word_1_338' title='bbox 1572 2845 1660 2881; x_wconf 80' lang='lat'><strong>504,</strong></span> <span class='ocrx_word' id='word_1_339' title='bbox 1688 2845 1746 2867; x_wconf 84' lang='lat'>12.</span> 
     </span>
     <span class='ocr_line' id='line_1_36' title="bbox 243 2886 1747 2934; baseline -0.001 -11"><span class='ocrx_word' id='word_1_340' title='bbox 243 2886 263 2914; x_wconf 70' lang='lat' dir='ltr'>k</span> <span class='ocrx_word' id='word_1_341' title='bbox 284 2890 435 2931; x_wconf 83' lang='grc' dir='ltr'>μάλιστα</span> <span class='ocrx_word' id='word_1_342' title='bbox 453 2902 521 2924; x_wconf 91' lang='lat' dir='ltr'>om.</span> <span class='ocrx_word' id='word_1_343' title='bbox 544 2895 571 2924; x_wconf 87' lang='lat' dir='ltr'>t.</span> <span class='ocrx_word' id='word_1_344' title='bbox 738 2889 746 2915; x_wconf 85' lang='lat'><strong>¹</strong></span> <span class='ocrx_word' id='word_1_345' title='bbox 773 2892 826 2924; x_wconf 79' lang='grc' dir='ltr'>καὶ</span> <span class='ocrx_word' id='word_1_346' title='bbox 844 2893 884 2933; x_wconf 85' lang='grc' dir='ltr'>τῇ</span> <span class='ocrx_word' id='word_1_347' title='bbox 904 2892 1100 2934; x_wconf 83' lang='grc' dir='ltr'>βεβαιότητι</span> <span class='ocrx_word' id='word_1_348' title='bbox 1121 2902 1190 2925; x_wconf 88' lang='lat' dir='ltr'>om.</span> <span class='ocrx_word' id='word_1_349' title='bbox 1214 2889 1356 2923; x_wconf 81' lang='lat' dir='ltr'>Y.O.s.:</span> <span class='ocrx_word' id='word_1_350' title='bbox 1389 2902 1407 2923; x_wconf 83' lang='lat' dir='ltr'>a</span> <span class='ocrx_word' id='word_1_351' title='bbox 1428 2901 1473 2923; x_wconf 88' lang='lat' dir='ltr'>m.</span> <span class='ocrx_word' id='word_1_352' title='bbox 1495 2901 1563 2923; x_wconf 82' lang='lat' dir='ltr'>sec.</span> <span class='ocrx_word' id='word_1_353' title='bbox 1585 2888 1689 2922; x_wconf 81' lang='lat' dir='ltr'><strong>habet</strong></span> <span class='ocrx_word' id='word_1_354' title='bbox 1711 2887 1747 2921; x_wconf 75' lang='lat' dir='ltr'>S,</span> 
     </span>
     <span class='ocr_line' id='line_1_37' title="bbox 243 2942 768 2989; baseline 0.002 -13"><span class='ocrx_word' id='word_1_355' title='bbox 243 2948 270 2965; x_wconf 72' lang='lat'>¹¹¹</span> <span class='ocrx_word' id='word_1_356' title='bbox 292 2944 358 2976; x_wconf 81' lang='grc' dir='ltr'>τῶν</span> <span class='ocrx_word' id='word_1_357' title='bbox 377 2942 506 2989; x_wconf 84' lang='grc' dir='ltr'>δήμων]</span> <span class='ocrx_word' id='word_1_358' title='bbox 530 2946 589 2978; x_wconf 83' lang='grc' dir='ltr'>τοῦ</span> <span class='ocrx_word' id='word_1_359' title='bbox 609 2943 714 2987; x_wconf 78' lang='grc' dir='ltr'>δήμου</span> <span class='ocrx_word' id='word_1_360' title='bbox 735 2945 768 2977; x_wconf 87' lang='lat' dir='ltr'>k.</span> 
     </span>
    </p>
   </div>
  </div>
 </body>
</html>
