1954 3273
155 171 241 210 538
698 174 1127 212 ΔΗΜΟΣΘΕΝΟΎΣ
1277 173 1360 213 οη.
1379 172 1525 212 XXL
1541 186 1583 227 p.
1600 175 1700 226 5i0,
1718 184 1796 210 ⁶-

154 287 260 325 λεῖτο,
282 287 323 319 τὰ
344 286 379 320 δέ
398 286 499 331 μικρὰ
519 287 602 320 κατὰ
622 285 868 332 ΠΙτριετηρίδα.
908 286 943 320 ἐν
966 287 1028 330 μὲν
1051 285 1111 320 οὖν
1133 288 1204 322 τοῖς
1228 287 1391 332 μεγάλοις
1408 287 1580 332 γυμνάσιά
1597 299 1672 320 τινα

154 349 318 394 ἐγίνοντο,
349 350 402 384 καὶ
434 350 677 395 προύβάλλετο
710 349 770 395 ἀφ’
801 351 945 393 ἑκάστης
974 351 1088 394 φυλῆς
1118 348 1164 385 εἷς
1191 350 1458 396 γυμνασίαρχος,
1487 351 1671 394 λαμβάνων

150 411 308 457 χρήματα
340 413 387 448 εἷς
414 414 454 447 τὸ
483 415 661 459 γυμνάζειν
689 414 769 448 τοὺς
801 413 1064 449 ε’πιτελέσοντας
1095 414 1155 457 τὴν
1183 414 1312 459 ἑορτὴν,
1343 414 1396 447 καὶ
1429 414 1584 448 Πδώσων
1610 414 1670 448 τὰς

150 475 280 510 τούτων
304 477 454 511 δαπάνας
482 479 553 512 τοῖς
581 479 639 519 τῆς
669 479 788 510 ἑαυτοῦ
814 477 939 521 φυλῆς.
981 479 1081 522 ἤγετο
1108 478 1144 511 δὲ
1170 476 1248 523 παρ’
1269 478 1378 511 αὐτῶν
1403 477 1456 510 καὶ
1483 477 1526 510 τὰ
1551 475 1668 510 Διονύ·
1684 489 1722 510 10

150 552 223 579 σια,
253 541 307 573 καὶ
338 542 444 574 ταῦτα
472 541 589 580 διπλᾶ,
619 540 720 585 μικρά
749 553 787 573 τε
816 540 869 573 καὶ
900 540 1046 585 μεγάλα.
1088 541 1141 574 καὶ
1173 541 1213 573 τὰ
1246 541 1308 584 μὲν
1339 540 1440 584 μικρὰ
1467 541 1568 585 ἤγετο
1597 537 1667 573 κατ’

149 604 235 642 ἕτος,
258 604 299 637 τὰ
326 604 362 637 δέ
387 605 519 649 μεγάλα
545 604 599 638 διὰ
626 604 834 649 τριετηρίδος
859 603 895 637 ἐν
919 605 990 639 τοῖς
1018 605 1144 648 ληνοῖς,
1167 605 1202 638 ἐν
1224 602 1273 639 οἷς
1297 605 1538 649 προύβάλλετο
1561 618 1666 650 χορη-

148 668 209 713 γὸς
231 667 292 712 ἀφ’
314 669 460 711 ἑκάστης
483 669 597 712 φυλῆς
622 669 708 713 πρὸς
733 669 772 702 τὸ
798 669 938 714 τρέφειν
962 668 1088 714 χοροὺς
1112 669 1241 702 παίδων
1260 683 1296 702 τε
1321 669 1373 702 καὶ
1391 668 1532 714 ἀνδρῶν·
1562 668 1665 712 ε’λάμ-
1684 682 1720 713 15

147 734 231 772 βανε
251 732 287 765 δέ
307 731 463 777 χρήματα
489 733 536 767 εἷς
560 734 675 767 τοῦτο.
714 733 904 776 ἐπιστάσης
931 733 966 766 δὲ
993 734 1052 776 τῆς
1077 734 1195 777 ἑορτῆς
1221 731 1423 778 ἠγωνίζοντο
1449 734 1535 777 πρὸς
1559 732 1666 776 ἀλλή-

147 797 231 830 λους
257 797 288 829 οἱ
315 796 459 841 χορηγοὶ
488 797 540 829 καὶ
565 797 689 840 ἤριζον,
712 794 836 839 ὕμνους
862 796 910 830 εἷς
935 796 994 829 τὸν
1021 797 1188 829 Διόνυσον
1215 794 1365 840 ᾄδοντες,
1390 796 1443 829 καὶ
1467 797 1513 842 τᾷ.
1538 798 1670 829 νικῶντι

149 858 289 904 τρίπους
313 861 352 893 τὸ
380 856 487 895 ἆθλον
513 858 563 903 ῆν,
591 860 707 903 ἐπειδὴ
736 861 796 893 τὸν
822 860 924 893 αὐτὸν
947 859 1075 894 ”Ηλιον
1103 861 1157 893 καὶ
1183 859 1389 894 Ἀπόλλωνα
1420 860 1473 893 καὶ
1501 860 1670 893 Διόνυσον

149 921 267 970 ᾤοντο.
307 923 497 967 παυομένης
516 924 552 957 δέ
571 925 630 967 τῆς
649 925 766 969 ἑορτῆς
787 924 823 958 ἐν
847 926 896 971 τῷ
921 925 1044 971 πρώτῳ
1069 925 1148 968 μηνὶ
1177 924 1442 969 προύβάλλοντο
1468 925 1499 957 οἱ
1525 924 1669 968 χορηγοὶ
1683 938 1724 960 20

149 987 207 1029 τῆς
231 986 430 1032 μελλούσης
456 989 583 1033 ἑορτῆς.
623 988 658 1021 ἐν
682 988 794 1022 τοίνυν
813 991 860 1035 τῷ
882 989 1025 1034 παρόντι
1050 991 1153 1035 καιρῷ
1179 987 1446 1034 προεβλήθησαν
1471 988 1503 1021 οἶ
1526 988 1671 1033 χορηγοὶ

149 1051 294 1094 ἑκάστης
320 1052 445 1096 φυλῆς,
468 1052 627 1094 ἐσπάνιζε
653 1052 689 1085 δέ
715 1051 734 1095 ἡ
761 1052 952 1094 Πανδιονὶς,
978 1051 996 1095 ἡ
1022 1054 1083 1085 τοῦ
1110 1051 1349 1096 Δημοσθένους
1373 1052 1479 1097 φυλὴ,
1502 1053 1666 1098 χορηγοῦ,

149 1116 202 1149 καὶ
221 1112 373 1159 ἠμέλησε
392 1117 431 1149 τὸ
451 1119 587 1161 πρῶτον
606 1117 694 1156 ἔτος,
715 1117 754 1150 τὸ
774 1113 944 1162 δεύτερον,
967 1117 1006 1150 τὸ
1026 1115 1151 1162 τρίτον.
1189 1116 1266 1151 ἕθος
1285 1117 1321 1150 δέ
1340 1115 1380 1160 ἦν
1398 1117 1465 1162 πρὸ
1487 1118 1590 1160 μηνὸς
1609 1118 1668 1160 τῆς
1681 1130 1720 1161 25

149 1179 266 1224 ἑορτῆς
287 1180 347 1213 τὸν
372 1179 521 1225 ἶίρχοντα
548 1181 709 1226 συνάγειν
734 1180 814 1215 τοὺς
837 1180 1007 1227 χορηγοὺς
1032 1182 1176 1224 ἑκάστης
1194 1181 1308 1224 φυλῆς
1327 1181 1375 1215 εἷς
1393 1181 1433 1214 τὸ
1452 1182 1573 1225 λαχεῖν
1591 1181 1669 1225 περὶ

149 1245 216 1275 τῶν
235 1242 403 1284 αὐλητῶν,
426 1243 478 1276 καὶ
499 1242 669 1276 ἐλθόντων
688 1245 756 1276 τῶν
774 1246 932 1288 χορηγῶν
956 1243 1100 1286 ἑκάστης
1123 1244 1237 1287 φυλῆς
1262 1242 1352 1286 πλὴν
1375 1244 1436 1276 τοῦ
1461 1244 1521 1286 τῆς
1540 1243 1668 1276 Πανδι-

150 1305 272 1345 ονίδος,
301 1306 381 1339 ἰδὼν
407 1306 425 1339 6
452 1305 672 1350 Δημοσθένης
700 1306 761 1349 τὴν
786 1307 906 1340 ἑαυτοῦ
932 1306 1048 1351 φυλὴν
1072 1306 1314 1350 άτιμαζομένην
1342 1306 1433 1352 παρὰ
1459 1306 1595 1340 πάντων
1621 1307 1670 1353 τῷ

149 1368 194 1412 μὴ
223 1369 405 1413 κεκτῆσθαι
435 1370 596 1415 χορηγὸν,
626 1369 903 1415 αὖτεπάγγελτον
935 1370 988 1403 καὶ
1019 1370 1338 1414 αὐτοχειροτόνητον
1371 1370 1490 1403 ἑαυτὸν
1518 1369 1669 1415 χορηγὸν
1679 1381 1759 1422 511

149 1435 190 1476 τῇ
217 1434 312 1478 φυλῇ
340 1433 537 1477 καθίστησι.
578 1433 755 1468 κάντεῦθεν
781 1434 934 1478 ἐπῃνεῖτο
962 1435 1054 1480 παρὰ
1079 1435 1224 1468 πάντων.
1269 1435 1320 1468 καὶ
1347 1434 1386 1478 δὴ
1411 1435 1580 1478 λαχόντος
1605 1434 1664 1468 αὐ-

149 1500 210 1531 τοῦ
240 1499 319 1543 περὶ
350 1502 418 1532 τῶν
450 1499 605 1541 αὐλητῶν
639 1498 849 1544 συνέπραξεν
881 1500 971 1546 αὐτῷ
1003 1499 1021 1543 ἡ
1055 1498 1142 1544 τύχη
1171 1501 1212 1542 τῇ
1244 1499 1427 1544 προθυμίᾳ,
1458 1499 1511 1532 καὶ
1541 1499 1695 1543 ἕλαχεν5

149 1563 240 1610 αὐτῷ
258 1563 276 1595 ὁ
297 1563 483 1597 κάλλιστος
502 1565 569 1596 τῶν
588 1563 743 1606 αὐλητῶν
763 1565 780 1596 ὁ
800 1564 1012 1608 Τηλεφάνης.
1048 1563 1162 1598 θέλων
1181 1561 1240 1596 οὖν
1259 1564 1276 1596 ὁ
1297 1562 1514 1607 Δημοσθένης
1538 1563 1666 1607 κοσμῆ-

149 1640 208 1660 σαι
233 1627 293 1660 τὸν
318 1627 421 1660 αὑτοῦ
446 1627 552 1672 χορὸν
579 1627 684 1661 πλέον
705 1630 772 1661 τῶν
795 1626 926 1667 ἄλλων,
948 1627 1107 1671 ἐποίησεν
1127 1628 1229 1661 αὐτὸν
1249 1625 1398 1673 φορέσαι
1416 1629 1569 1672 χρυσοῦς
1588 1641 1667 1661 στε-

149 1689 290 1733 φάνους.
338 1690 478 1724 Μειδίας
497 1689 546 1732 δὲ,
567 1694 634 1723 τῶν
656 1690 929 1734 πολιτευομένων
954 1704 1016 1731 τις,
1041 1688 1087 1724 ὧν
1112 1690 1252 1735 σφόδρα
1279 1687 1448 1725 πλούσιος
1472 1689 1526 1723 καὶ
1550 1689 1666 1723 πολλὰ

147 1754 342 1798 δυνάμενος,
365 1754 486 1799 ἐχθρὸς
505 1756 552 1802 τῷ
575 1754 785 1798 Δημοσθένει
808 1755 957 1800 γεγονὼς
980 1754 1034 1788 διὰ
1059 1755 1120 1789 τὰς
1145 1752 1252 1788 αἰτίας
1276 1753 1315 1788 ἃς
1340 1753 1409 1800 ε’ρεῖ
1434 1753 1519 1797 μετὰ
1545 1755 1665 1798 μικρὸν
1681 1765 1720 1786 10

146 1818 182 1851 ἐν
208 1820 256 1865 τῷ
283 1819 388 1865 λόγῳ,
419 1819 586 1853 πολλάκις
613 1819 667 1852 καὶ
694 1817 787 1851 ἅλλα
814 1819 1030 1863 παρηνώχλει
1059 1819 1111 1852 καὶ
1143 1818 1313 1863 ἐπηρέαζε,
1343 1818 1395 1851 καὶ
1423 1817 1464 1861 δὴ
1493 1818 1547 1851 καὶ
1574 1817 1618 1853 ὣς
1646 1819 1664 1851 ὁ

147 1882 369 1926 Δημοσθένης
396 1881 502 1928 λέγει,
533 1881 586 1916 ὅτι
616 1881 808 1926 ὀμνυόντων
836 1885 904 1915 τῶν
937 1885 1058 1928 κριτῶν
1085 1884 1131 1929 τῷ
1161 1884 1270 1917 καλῶς
1302 1880 1424 1926 ᾅσαντι
1457 1882 1572 1916 δοῦναι
1605 1882 1666 1926 τὴν

147 1945 250 1989 νίκην,
280 1945 408 1980 νύττων
437 1946 559 1981 αὐτοὺς
587 1947 605 1979 6
636 1946 776 1981 Μειδίας
804 1947 905 1992 ἔλεγε
936 1946 1063 1990 “πλὴν
1091 1945 1362 1990 Δημοσθένους·”
1396 1945 1474 1980 ὅθεν
1503 1947 1522 1979 ὁ
1551 1952 1664 1991 Δημο-

149 2010 271 2053 σθένης
298 2010 380 2051 ἐβόα
408 2008 562 2055 ἐλέγχων
589 2010 701 2044 αὐτόν.
751 2010 803 2043 καὶ
830 2011 999 2043 τελευτῶν
1024 2008 1071 2043 εἷς
1095 2007 1252 2052 τοιαύτην
1278 2007 1361 2051 ἧλθε
1388 2005 1509 2052 μανίαν
1534 2009 1552 2041 6
1578 2014 1664 2043 Μει-
1681 2019 1715 2051 15

148 2073 233 2114 δίας,
261 2073 351 2107 ὥστε
377 2073 412 2107 ἐν
437 2077 484 2120 τῷ
509 2074 639 2121 θεάτρῳ
665 2072 829 2107 κόνδυλον
854 2073 945 2120 αὐτῷ
970 2075 1162 2118 παρασχεῖν
1187 2074 1240 2107 καὶ
1265 2073 1326 2117 τὴν
1352 2073 1443 2119 ἱερὰν
1467 2074 1666 2119 περιρρῆξαι

148 2137 286 2180 ἐσθῆτα.
338 2138 391 2170 καὶ
424 2137 504 2171 ἰδὼν
539 2138 557 2170 ὁ
592 2138 694 2181 δῆμος
727 2135 958 2182 ἐπεσύριττεν·
998 2135 1015 2169 ὃ
1049 2137 1139 2182 παρὰ
1176 2138 1247 2172 τοῖς
1278 2138 1436 2172 παλαιοῖς
1472 2136 1527 2170 ἐπὶ
1564 2139 1666 2171 κακοῦ

146 2201 370 2244 ἐλαμβάνετο.
413 2201 571 2235 ἀπελθὼν
597 2201 632 2235 δὲ
662 2202 679 2234 ὁ
707 2201 926 2244 Δημοσθένης
954 2200 1130 2244 ἐσκέψατο
1158 2200 1218 2234 τὸν
1246 2202 1398 2245 παρόντα
1425 2201 1543 2246 λόγον,
1565 2214 1663 2243 κατη-
1677 2214 1718 2236 20

146 2269 258 2311 γορῶν
283 2266 387 2299 αὐτοῦ
413 2266 586 2309 δημοσίων
611 2265 832 2309 ἀδικημάτων·
864 2265 899 2299 ἐν
925 2261 951 2312 ᾧ
975 2265 1028 2298 καὶ
1057 2264 1237 2305 διαβάλλει
1265 2265 1324 2298 τὸν
1351 2265 1493 2299 Μειδίαν
1518 2264 1560 2299 ὡς
1588 2264 1663 2299 κλέ-

147 2329 263 2373 ψαντα
284 2332 376 2362 Οτῶν
395 2332 536 2374 χρυσῶν
551 2330 733 2375 στεφάνων
753 2330 905 2363 ὁντινοῦν
919 2329 1011 2374 παρὰ
1025 2330 1085 2362 τοῦ
1104 2329 1312 2374 χρυσοχόου.
1342 2328 1415 2374 ἅγει
1435 2328 1547 2363 τοίνυν
1561 2329 1664 2363 αὐτὸν

148 2393 202 2426 ἐπὶ
231 2393 291 2436 τὴν
319 2393 432 2437 κρίσιν
461 2394 478 2425 ὁ
506 2392 629 2438 ῥήτωρ,
657 2395 833 2438 καταφορᾷ
859 2391 1008 2436 πλείστῃ
1038 2393 1090 2426 καὶ
1119 2394 1238 2440 Ρτόνῳ
1266 2393 1412 2440 σφοδρῷ
1436 2394 1663 2439 προσχρησά-
1677 2409 1715 2440 ²5

146 2467 256 2500 μενος·
287 2457 305 2500 ἡ
325 2458 391 2502 γὰρ
412 2459 471 2490 τοῦ
493 2457 634 2491 Μειδίου
655 2457 868 2502 Ωπροπέτεια
892 2458 944 2491 καὶ
967 2457 985 2500 ἡ
1008 2459 1074 2490 τῶν
1100 2458 1307 2503 πραγμάτων
1331 2457 1469 2500 ποιότης
1494 2460 1534 2501 τῇ
1561 2472 1660 2491 κατα-

147 2521 255 2565 δρομῇ
283 2523 466 2566 συμμαχεῖ.
506 2521 524 2564 ἡ
548 2522 583 2555 δέ
612 2522 735 2557 στάσις
761 2523 866 2567 ὁρικὴ,
889 2520 1075 2564 ζητούντων
1101 2521 1192 2565 ἡμῶν
1222 2520 1307 2555 ἴδιον
1333 2520 1437 2565 ὄνομα
1465 2524 1513 2568 τῷ
1541 2521 1662 2567 ἐγκλή-

146 2594 237 2627 ματι·
271 2584 288 2615 ὁ
313 2583 374 2626 μὲν
398 2584 464 2628 γὰρ
491 2585 630 2619 Μειδίας
659 2585 836 2624 ἰδιωτικὸν,
865 2585 882 2616 ὁ
909 2584 945 2618 δὲ
971 2583 1082 2629 ῥήτωρ
1109 2585 1273 2628 δημόσιον
1303 2581 1385 2618 εἶναι
1415 2586 1661 2628 κατασκευάζει.

147 2647 225 2692 ὅρος
243 2648 308 2693 γάρ
329 2647 437 2687 ἐστιν,
460 2647 497 2680 οὗ
517 2648 556 2680 τὸ
579 2649 639 2692 μὲν
658 2650 857 2693 πέπρακται,
879 2649 918 2681 τὸ
938 2648 974 2682 δὲ
997 2648 1107 2682 λείπει
1132 2648 1217 2693 πρὸς
1241 2649 1280 2681 τὸ
1306 2648 1428 2682 τέλεον
1453 2650 1514 2682 τοῦ
1539 2649 1758 2706 dudm-512

146 2726 204 2747 τος
230 2713 291 2745 τοῦ
317 2710 602 2755 ἐπιτεθησομένου
628 2714 675 2759 τῷ
700 2713 884 2758 πράγματι,
908 2711 952 2747 ὣς
972 2711 1024 2746 ἐπὶ
1048 2713 1108 2745 τοῦ
1128 2712 1166 2746 τὸ
1187 2713 1388 2758 κενοτάφιον
1407 2711 1591 2759 ὀρύξαντας
1610 2714 1662 2747 καὶ

202 2863 231 2882 ¹1¹
251 2857 458 2903 τριετηρίδα]
482 2857 629 2902 τριετίδα
649 2863 674 2891 t.
751 2863 766 2879 ¹³
786 2858 906 2891 δώσων
925 2858 985 2893 τὰς
1006 2858 1164 2893 Wolstus.
1195 2859 1370 2895 δώσοντας
1389 2859 1479 2894 libri.
1557 2865 1575 2885 0
1594 2862 1663 2893 τῶν

149 2911 300 2945 Bekkeri
322 2911 441 2945 editio.
473 2911 540 2944 ἀπὸ
560 2913 627 2944 τῶν
646 2911 763 2956 vulgo.
832 2917 850 2944 p
871 2913 956 2958 τόνῳ
977 2912 1022 2947 G.
1041 2912 1298 2958 BernhardyuS.
1336 2913 1534 2959 Legebatur
1552 2914 1658 2960 τόπῳ.

147 2970 167 2997 (1
185 2965 561 3009 προπέτεια-ποιότης
584 2965 777 2998 Bekkerus.
818 2965 1016 3010 Legebatur
1034 2965 1422 3011 ποιότης-προπέτεια.
