1954 3273
89 185 170 225 —7
179 185 244 223 24,
263 190 317 214 22.
677 176 819 214 RATA
850 175 1255 213 TlMOKPATOTE.
1644 173 1726 214 755

148 296 203 347 84
215 294 241 316 ‘⁶
267 288 386 339 κατὰ
412 287 649 356 ψήφισμα
675 292 852 350 δεσμοῦ
887 286 914 351 ἢ
955 286 1008 337 τὸ
1042 285 1210 337 λοιπὸν
1235 286 1584 352 προστιμηθῇ.”
1624 286 1728 347 περὶ

213 372 330 436 Ῡμὲν
355 371 410 436 δὴ
437 377 531 423 τῶν
557 372 832 435 μελλόντων
866 371 908 421 εἵ
938 393 981 420 τι
1019 371 1196 420 δίκαιον
1235 370 1417 421 ἔπεισεν
1455 370 1584 432 ὑμᾶς,
1611 376 1627 394 ²
1647 369 1729 418 οὐκ

214 455 271 507 ἂν
322 457 482 520 ἠδίκει·
541 459 645 522 περὶ
691 459 731 507 δ’
780 453 845 506 ὧν
896 453 1198 520 δικαστήριον
1248 455 1420 519 ε”γνωκε
1471 455 1545 503 καὶ
1595 453 1729 505 τέλος
1744 475 1827 516 724

213 541 400 608 ἔσχηκε,
425 545 526 594 πῶς
551 541 637 590 a013
664 539 790 591 δεινὰ
825 543 950 591 ποιεῖ
985 538 1127 602 νόμον
1160 538 1393 606 εἰσφέρων
1420 538 1473 587 δι’
1503 536 1556 587 οὗ
1582 541 1730 587 ταῦτα

213 624 505 689 λυθήσεται;
549 622 712 690 ὥσπερ
738 622 832 674 δᾶν
868 623 910 674 εἴ
941 646 1009 676 τις
1044 622 1190 676 ἐάσας
1229 622 1386 689 κύριον
1412 621 1528 672 0τὸν
1564 621 1730 671 τούτου

213 709 433 772 γενέσθαι
467 707 609 772 νόμον
647 706 911 776 ἁγροῖψειεν
950 708 1106 773 ἕτερον
1144 706 1322 758 τοιόνδε
1360 708 1480 756 “καὶ
1526 704 1568 755 εἴ
1597 727 1729 766 τινες,

216 797 242 820 “
269 791 545 859 ὠφληκότες
607 791 826 858 χρήματα
889 794 964 841 καὶ
1024 794 1202 854 δεσμοῦ
1263 788 1731 856 επροστετιμημένον

1293 871 1308 899 f

216 881 243 903 “
270 876 437 938 αὐτοῖς,
487 875 717 942 ἐγγυητὰς
774 875 1076 939 κατέστησαν
1127 872 1245 924 κατὰ
1324 872 1407 924 τὸν
1459 872 1614 936 νόμον,
1665 870 1759 935 μὴ5

217 965 245 987 “
270 956 383 1009 εἶναι
416 959 502 1023 τὴν
536 959 839 1025 ἕδιεγγύησιν
874 960 1041 1020 αὐτοῖς,
1067 957 1183 1022 μηδὲ
1217 956 1270 1007 τὸ
1306 955 1476 1008 λοιπὸν
1503 955 1731 1024 ἐξεγγυᾶν

151 1041 244 1094 85“
263 1043 488 1107 μηδένα.”
528 1046 641 1094 ἀλλ’
683 1045 786 1094 οὔτε
827 1049 975 1094 ταῦτα
1018 1042 1255 1106 ποιήσειεν
1300 1041 1357 1092 ἂν
1398 1042 1544 1094 οὐδεὶς
1584 1041 1732 1106 ὑγιαί-

217 1150 322 1188 νων,
362 1125 500 1189 οἶμαι,
541 1134 604 1178 συ’
643 1129 681 1177 τ’
710 1129 857 1178 ἐκεῖνα
890 1127 1018 1177 λύων
1052 1127 1233 1190 ἠδίκεις.
1293 1128 1412 1192 χρῆν
1448 1124 1540 1191 γὰρ
1576 1123 1731 1186 αὐτὸν,

215 1214 252 1261 εὶ
290 1211 343 1261 τὸ
382 1213 557 1277 πρᾶγμ’
595 1210 769 1276 ἐνόμιζε
811 1212 998 1272 δίκαιον,
1035 1212 1108 1261 ἐπὶ
1153 1214 1249 1263 τοῖς
1284 1211 1482 1275 ὕστερον
1523 1232 1725 1275 γενησο-

213 1294 366 1358 μένοις
405 1299 549 1346 θεΐναι
580 1294 662 1345 τὸν
690 1294 845 1358 νόμον,
873 1297 949 1345 καὶ
983 1294 1047 1359 μὴ
1083 1293 1425 1359 συνενεγκόντα
1461 1298 1521 1346 εἷς
1558 1292 1728 1344 ι’ταύτὸ
1745 1323 1783 1344 10

214 1378 292 1429 ἰτοὶ
330 1379 571 1441 μέλλοντα
609 1384 704 1432 τοῖς
741 1377 1103 1444 παρεληλυθόσι
1148 1381 1223 1429 καὶ
1268 1377 1327 1427 τὰ
1368 1377 1432 1441 μὴ
1475 1380 1598 1440 δῆλα
1635 1383 1731 1431 τοῖς

215 1467 433 1530 φανεροῖς
478 1463 763 1526 ἀδικήμασιν
813 1460 893 1512 εἶτ’
940 1464 1013 1513 ε’πὶ
1063 1467 1185 1512 πᾶσι
1231 1460 1417 1528 γράψαι
1458 1460 1544 1524 τὴν
1589 1461 1733 1524 αὐτὴν

216 1547 423 1611 γνώμην.
465 1551 565 1600 πῶς
592 1546 686 1612 γὰρ
722 1548 775 1597 οὐ
802 1546 950 1597 δεινὸν
975 1551 1069 1597 τῶν
1096 1547 1249 1596 αὐτῶν
1275 1545 1517 1613 ἠξιωκέναι
1544 1545 1732 1595 δικαίων

216 1630 322 1683 τοὺς
359 1631 755 1699 ἐξεληλεγμένους
776 1629 1073 1683 Ῑάδικοῦντας
1112 1628 1196 1692 τὴν
1230 1627 1374 1680 πόλιν
1399 1628 1628 1695 πρότερον
1654 1630 1728 1678 καὶ
1747 1654 1782 1686 ¹5

216 1714 321 1767 τους
347 1716 451 1778 μηδ’
481 1719 518 1765 εἰ
544 1716 739 1780 κρίσεως
766 1714 899 1782 ἄξιον
924 1713 1241 1780 1(ἐργάσονταί
1263 1737 1306 1763 τι
1334 1714 1536 1777 δήλουςς

153 1811 204 1849 86
294 1801 387 1848 Καὶ
427 1797 520 1860 μὴν
560 1800 767 1848 κάκεῖθεν
807 1799 893 1848 ἴδοι
935 1820 1002 1851 τις
1039 1797 1096 1847 ἂν
1133 1800 1194 1851 ὡς
1236 1797 1384 1847 δεινὸν
1421 1798 1641 1861 πεποίηκε
1676 1796 1730 1846 τὸ

214 1886 359 1932 θεῖναι
392 1884 496 1947 περὶ
533 1886 627 1931 τῶν
665 1881 1067 1947 παρεληλυθότων
1101 1880 1183 1931 τὸν
1221 1880 1378 1943 νόμον,
1412 1885 1449 1930 εἰ
1480 1881 1730 1945 λογίσαιτο

213 1968 320 2033 παρ’
351 1968 476 2035 αὑτῷ
501 1967 548 2016 τί
569 1967 671 2017 ποτ’
701 1967 831 2016 ἐστὶν
858 1964 895 2035 ᾧ
923 1964 1061 2029 νόμος
1097 1965 1376 2031 ὀλιγαρχίας
1409 1965 1627 2032 διαφέρει,
1655 1966 1729 2014 καὶ

215 2052 264 2102 τί
294 2050 350 2114 δή
386 2052 491 2102 ποθ’
521 2054 562 2101 οἱ
597 2050 681 2113 μὲν
719 2048 809 2101 ὑπὸ
844 2049 1018 2112 1νόμων
1051 2050 1288 2102 ἐθέλοντες
1325 2048 1556 2115 ἄρχεσθαι
1579 2047 1724 2099 mcrcb-
1744 2071 1785 2093 20

217 2139 388 2204 φρονες
415 2138 489 2185 καὶ
516 2141 533 2157 “
540 2136 742 2201 χρηστοὶ
769 2132 1043 2199 νομίζονται,
1071 2137 1111 2183 οἱ
1141 2134 1178 2183 δ’
1207 2130 1296 2183 ὑπὸ
1323 2136 1418 2182 τῶν
1443 2132 1733 2199 ὀλιγαρχιῶν

153 2224 204 2276 87
217 2217 436 2284 ἄνανδροι
463 2220 537 2268 καὶ
565 2221 740 2269 δοῦλοι.
783 2218 906 2284 εὖροι
932 2216 1026 2283 γὰρ
1052 2215 1109 2266 ἂν
1134 2219 1196 2269 ὡς
1222 2217 1413 2280 ἀληθῶς
1444 2222 1582 2267 τοῦτο
1607 2238 1727 2283 προ-

271 2380 287 2403 )’
307 2375 368 2417 μὲν
387 2386 458 2408 om.
481 2373 525 2408 Ο.
666 2379 684 2398 2
705 2374 764 2407 οὐκ
784 2372 840 2419 ἂν]
865 2374 904 2407 οὐ
923 2373 988 2419 γὰρ
1009 2373 1054 2407 O.
1168 2378 1187 2397 a
1206 2372 1262 2418 οὐ]
1288 2371 1366 2416 οὐχὶ
1384 2383 1416 2406 V.
1553 2366 1573 2394 b
1593 2367 1650 2416 ἂν]
1674 2368 1734 2404 οὖν

214 2429 319 2461 A.r.s.
449 2433 465 2452 0
489 2428 549 2460 τὸν
567 2425 691 2460 τούτου
710 2426 887 2473 γενέσθαι]
911 2426 1070 2472 γενέσθαι
1089 2427 1148 2459 τὸν
1167 2424 1291 2459 τούτου
1312 2426 1390 2459 B.v.
1520 2420 1539 2448 d
1567 2424 1735 2469 γράψειεν

217 2480 350 2527 ἕτερον]
384 2480 498 2525 ἕτερον
525 2481 693 2525 γράψειεν
712 2493 739 2514 r.
865 2486 880 2505 e
900 2479 1230 2525 προστετιμημένον]
1255 2476 1576 2524 προστετιμημένων
1591 2476 1733 2512 A.Y.O.

216 2546 275 2569 xus.
307 2534 622 2579 προστετιμημένου
650 2534 864 2567 correctusk
1032 2529 1047 2556 f
1069 2533 1129 2566 τὸν
1155 2524 1274 2577 νόμον]
1303 2533 1363 2565 τὸν
1385 2529 1508 2565 τούτου
1537 2532 1639 2573 νόμον
1658 2530 1733 2563 F.v.

218 2592 238 2620 g
263 2585 479 2632 διεγγύησιν]
514 2584 678 2631 ἐγγύησιν
705 2586 944 2622 A.Y.O.k.r.s.
971 2592 1007 2619 et
1036 2586 1097 2631 qui
1119 2584 1282 2632 ἐγγύησις
1305 2597 1347 2619 ex
1373 2585 1439 2618 hac
1469 2584 1627 2617 oratione
1651 2582 1736 2616 citat

216 2640 399 2674 Antiattic.
426 2640 463 2673 in
490 2639 644 2673 Bekkeri
668 2640 801 2674 Anecd.
828 2652 864 2685 p.
888 2650 950 2686 94,
971 2637 1030 2673 18.
1069 2639 1225 2685 Vulgata
1252 2650 1335 2672 vero
1369 2638 1540 2683 scriptura
1569 2648 1654 2669 usus
1682 2641 1736 2669 est

218 2693 452 2739 Harpocratio
473 2705 499 2727 s.
520 2705 554 2726 V.
577 2691 793 2738 Διεγγύησις.
941 2690 962 2716 h
980 2691 1101 2738 ταύτὸ]
1125 2692 1249 2726 ταυτὸν
1267 2692 1310 2726 Α,
1472 2687 1483 2714 i
1502 2691 1544 2722 τὰ
1562 2691 1736 2733 μέλλοντα

217 2748 288 2781 τοῖς
306 2744 582 2791 παρεληλυθόσι]
606 2747 677 2781 τοῖς
696 2745 953 2791 παρεληλυθόσι
971 2746 1013 2779 τὰ
1031 2745 1206 2788 μέλλοντα
1223 2757 1252 2779 r.
1393 2742 1404 2779 j
1425 2741 1636 2787 ἀδικοῦντας]
1661 2741 1733 2775 ἀδι-

218 2801 286 2833 κεῖν
304 2813 359 2844 γρ.
382 2799 417 2833 S.
572 2795 594 2822 k
614 2799 820 2844 ἐργάσονταί
838 2798 887 2844 τι]
913 2798 1133 2844 ἐργασοντέτι
1161 2799 1198 2833 S.
1221 2798 1456 2843 superscripto
1482 2808 1502 2829 a
1524 2808 1570 2829 m.
1593 2806 1662 2829 ree.
1688 2809 1733 2828 αι.

214 2849 226 2876 l
247 2851 373 2898 νόμων]
399 2853 500 2896 νόμον
520 2852 635 2887 A.k.s.
763 2858 793 2876 m
814 2852 994 2896 σώφρονες
1013 2852 1224 2886 F.S.Y.O.v.
1264 2851 1462 2896 Legebatur
1483 2850 1662 2893 σώφρονες
1682 2848 1735 2882 καὶ

217 2904 400 2950 ἐλεύθεροι.
537 2911 557 2929 ¹1
576 2905 722 2948 χρηστοὶ
743 2906 852 2938 A.k.S.
883 2905 1083 2950 Legebatur
1100 2905 1248 2950 χρηστοὶ
1266 2905 1417 2938 πολῖται.
