1954 3273
189 176 275 218 644
734 175 1161 216 ΔΗΜΟΣΘΕΝΟΎΣ
1268 171 1350 211 OR.
1368 169 1534 211 XXII,
1555 184 1595 225 p.
1613 165 1710 222 613,
1729 162 1826 209 11'-
1894 151 1911 222 ζ

190 292 377 345 ὁποίους
403 290 531 345 τινὰς
562 289 619 341 ἂν
645 289 881 359 φαίνησθε
907 290 1181 353 ἀγαπῶντες
1219 286 1295 335 καὶ
1320 282 1563 349 σώζοντες,
1588 282 1699 334 τού-

189 398 285 428 τοις
311 375 460 438 ὅμοιοι
487 375 638 443 δόξετ’
667 372 793 424 εἶναι.

125 462 178 502 80
264 457 410 510 '’⁶'On
435 460 590 509 τοίνυν
617 457 741 510 ὅλως
767 455 871 507 οὐδὲ
895 454 980 519 τὴν
1000 453 1249 521 εἴσπραξιν
1269 451 1413 515 αὐτὴν
1434 450 1548 517 ὑπὲρ
1574 452 1703 514 ὑμῶν

188 544 448 607 πεποίηται,
476 544 551 593 καὶ
577 547 715 591 τοῦτο
741 541 905 590 αὐτίκα
931 538 986 603 δὴ
1012 538 1144 601 μάλα
1170 540 1276 601 ὑμῖν
1301 539 1471 600 ςδῆλον
1496 536 1699 600 ποιήσω.

190 631 227 678 εὶ
259 626 353 691 γάρ
390 649 459 678 τις
497 623 680 691 ᾱὲροιτο
719 622 860 674 αὐτὸν
893 621 1081 689 πότεροι
1115 623 1240 690 αὐτῷ
1275 624 1496 671 δοκοῦσιν
1530 621 1700 670 ἀδικεῖν
1715 642 1751 674 15

188 715 378 773 μᾶλλον
418 709 503 772 τὴν
540 707 697 770 πόλιν,
742 711 784 757 οἱ
825 712 1141 772 γεωργοῦντες
1180 706 1256 755 καὶ
1303 703 1582 771 φειδόμενοι,
1626 701 1702 753 διὰ

189 793 530 860 παιδοτροφίας
570 791 619 842 δὲ
658 794 733 841 καὶ
774 795 916 841 οἰκεῖα
962 789 1251 852 ἀναλώματα
1295 789 1370 838 καὶ
1411 787 1702 853 λειτουργίας

188 878 343 943 ἑτερας
378 875 739 927 Εέλλελοιπότες
774 871 1046 941 ἴεὶσφοράν,
1079 870 1108 935 ἦ
1143 875 1185 921 οἱ
1223 870 1283 921 τὰ
1318 875 1411 921 τῶν
1444 869 1702 933 ἐθελησάν-

186 982 280 1010 των
325 963 600 1024 εἰσενεγκεῖν
644 956 864 1024 χρήματα
908 957 982 1006 καὶ
1020 954 1080 1006 τὰ
1124 953 1254 1020 παρὰ
1296 958 1390 1004 τῶν
1433 952 1700 1020 συμμάχων
1712 981 1753 1002 20

187 1043 466 1096 κλέπτοντες
511 1044 585 1092 καὶ
630 1039 939 1102 ἀπολλύντες,
983 1040 1066 1089 οὐκ
1104 1036 1162 1088 ἂν
1203 1042 1264 1091 εἰς
1305 1042 1444 1087 τοῦτο
1483 1043 1504 1071 g
1520 1035 1700 1100 τόλμης

186 1126 337 1190 δήπου
376 1126 542 1192 καίπερ
584 1123 648 1175 ῶν
690 1122 877 1187 ἀναιδὴς
923 1122 1066 1184 ἔλθοι,
1106 1119 1231 1172 ὥστε
1283 1124 1438 1187 φῆσαι
1486 1118 1593 1173 τοὺς
1641 1119 1702 1170 τὰ

186 1212 362 1261 ἑαυτῶν
385 1209 449 1274 μὴ
476 1209 782 1279 εἰσφέροντας
816 1207 837 1234 h
852 1212 1044 1271 μᾶλλον
1069 1207 1241 1256 ἀδικεῖν
1275 1203 1304 1269 ὴ
1343 1203 1449 1257 τοὺς
1486 1202 1546 1254 τὰ
1571 1202 1702 1254 κοινὰ

121 1301 165 1340 8¹
186 1294 584 1364 ἰὑφαιρουμένους.
628 1295 749 1346 τίνος
788 1293 868 1343 οὖν
899 1290 1064 1354 -Ῑὲνεκα,
1091 1288 1128 1340 ῶ
1159 1288 1372 1354 βδελυρὲ,
1399 1290 1514 1339 ἐτῶν
1551 1286 1700 1338 ὅντων

185 1378 418 1431 πλειόνων
444 1379 471 1444 ἦ
499 1378 747 1446 τριάκοντα
778 1379 858 1445 ἀφ’
888 1376 941 1427 οὗ
967 1374 1032 1426 σὺ
1063 1374 1334 1435 ιςπολιτεύει,
1362 1375 1436 1423 καὶ
1469 1374 1518 1423 ἓν
1549 1372 1699 1441 τούτῳ
1712 1397 1751 1429 25

184 1468 250 1532 τῷ
284 1463 439 1533 χρόνῳ
472 1467 672 1515 πολλῶν
704 1461 789 1525 μὲν
815 1463 1098 1526 στρατηγῶν
1124 1455 1408 1522 ἠδικηκότων
1433 1455 1518 1520 τὴν
1542 1454 1700 1521 πόλιν,

185 1553 387 1600 πολλῶν
425 1548 474 1598 δὲ
511 1546 735 1614 ῥητόρων,
775 1544 818 1596 οῗ
856 1543 988 1610 παρὰ
1022 1543 1232 1594 τουτοισὶ
1273 1541 1514 1606 κέκρινται,
1556 1537 1621 1590 ῶν
1659 1543 1702 1590 οὶ

186 1631 270 1694 μὲν
296 1636 518 1682 τεθνᾶσιν
543 1633 614 1700 ἐφ’
643 1629 710 1683 οἷς
747 1630 948 1693 ἠδίκουν,
976 1630 1017 1677 οἱ
1055 1629 1094 1677 δ’
1122 1622 1543 1691 1ὑποχωρήσαντες
1581 1623 1696 1690 φεύ-

186 1738 369 1781 γουσιν,
397 1714 581 1768 οὐδενὸς
606 1713 835 1766 ῃὶιπώποτε
862 1710 1128 1780 ἐξητάσθης
1166 1707 1437 1775 κατήγορος,
1463 1709 1556 1758 οὐδ’
1584 1710 1702 1772 ἀγα-

188 1803 368 1850 νακτῶν
413 1799 576 1867 ὤφθης
619 1796 767 1863 ῃὺπὲρ
817 1793 882 1845 ῶν
925 1795 953 1858 ἡ
996 1792 1137 1847 πόλις
1179 1791 1404 1858 οπάσχοι,
1450 1792 1596 1845 οὕτως
1639 1789 1701 1842 ὢν
1713 1803 1801 1856 614

188 1881 368 1949 θρασὺς
419 1886 494 1933 καὶ
545 1881 701 1946 λέγειν
751 1878 908 1940 δεινὸς,
954 1878 1064 1928 ἀλλ’
1112 1877 1289 1927 ἐνταῦθ’
1337 1874 1511 1944 ἐφάνης
1561 1878 1698 1939 κηδε-

515 1966 534 1976 Α

121 1978 173 2018 82
186 1965 287 2030 μὼν
327 1962 441 2024 ι3ῶν,
483 1973 536 2016 οὑ
579 1972 667 2014 εισε
707 1961 921 2015 πολλοὺς
956 1961 1045 2011 ἔδει
1084 1964 1236 2013 κακῶς
1273 1961 1504 2022 ποιῆσαι,
1547 1959 1696 2021 ΙΓ,Βού-

187 2099 241 2135 οῗα
260 2100 337 2146 παρ’
358 2101 434 2145 ἡμῖν
456 2101 532 2134 ἐστι
551 2098 735 2134 πολιτείας.
785 2098 933 2133 Codices
953 2109 1014 2131 sex
1040 2094 1121 2131 οἵας.
1151 2108 1185 2141 p.
1207 2094 1297 2142 617,
1322 2106 1381 2143 25.
1404 2102 1439 2131 ct
1462 2094 1550 2143 758,
1571 2095 1607 2132 6.
1628 2097 1700 2131 οὐδ’

188 2152 330 2199 οἷόσπερ
354 2155 399 2188 σὺ
424 2156 592 2198 χρώμενοι
617 2151 830 2196 συμβούλοις
855 2149 1106 2185 ἐπολιτεύοντο.
1155 2149 1251 2183 Libri
1276 2149 1433 2195 plerique
1458 2149 1615 2195 οἵοισπερ
1640 2149 1699 2193 σύ,

189 2220 259 2253 quo
288 2220 359 2241 non
386 2208 499 2241 solum
524 2205 794 2240 constructionis
823 2205 879 2238 lex
904 2204 1066 2244 violatur,
1099 2203 1159 2237 sed
1186 2203 1291 2236 etiam
1314 2203 1524 2249 ambiguitas
1550 2203 1705 2238 orationi

189 2261 337 2295 infertur
365 2261 525 2294 absurda.
554 2259 737 2293 AEsehines
768 2270 802 2303 p.
828 2256 890 2302 48‚
917 2268 975 2292 20.
1007 2253 1229 2301 τρισμυρίους
1258 2255 1423 2292 κιναίδους
1447 2255 1612 2302 οἵουσπερ
1639 2257 1698 2298 σὺ,

189 2314 249 2347 ubi
269 2320 361 2348 recte
385 2314 495 2347 codex
520 2325 612 2346 unus
637 2309 719 2347 οἷος.
763 2311 941 2355 Aristoph.
963 2310 1048 2343 Ach.
1071 2307 1159 2344 601.
1183 2309 1309 2343 νεανίας
1335 2308 1426 2345 οἵους
1452 2310 1497 2343 σὺ
1523 2310 1699 2356 διαδεδρα-

190 2368 300 2402 κότας.
331 2366 477 2401 Corrcxi
497 2363 574 2401 οἶος.
606 2367 683 2400 Τοῖς
703 2362 845 2406 οἷόσπερ
865 2363 963 2398 οὗτός
983 2363 1056 2396 ἐστι
1075 2363 1136 2405 τὴν
1156 2361 1265 2406 φύσιν
1282 2362 1702 2398 Pseudo-Demosthenes

189 2432 225 2466 p.
250 2430 337 2467 779‚
359 2431 396 2467 9.
418 2419 478 2453 ubi
499 2421 568 2454 τοῖς
588 2419 756 2452 omissum
776 2417 812 2451 in
831 2417 942 2450 tribus
963 2416 1150 2450 codicibus.
1307 2422 1325 2441 a
1345 2416 1450 2450 ἐκεῖνο
1472 2417 1540 2451 S.r.
1563 2422 1598 2450 et
1619 2416 1701 2451 Sto-

187 2473 296 2507 baeus.
327 2473 526 2519 Legebatur
544 2472 648 2505 ἐκεῖνό
666 2486 716 2517 γε.
852 2466 872 2496 b
886 2468 1019 2503 ‘'Ort—
1039 2481 1148 2514 usque
1169 2469 1213 2502 ad
1232 2469 1337 2503 finem
1358 2469 1542 2516 orationis]
1567 2469 1700 2505 Eadem

188 2526 260 2561 fero
280 2527 384 2560 verba
404 2532 485 2559 sunt
504 2526 538 2558 iu
560 2525 717 2558 oratione
737 2529 858 2557 contra
873 2524 1105 2557 Timocratem
1126 2534 1160 2567 p.
1184 2531 1202 2567 7
1209 2528 1230 2569 5
1235 2533 1255 2568 3
1280 2534 1376 2569 seqq.
1468 2531 1483 2549 (·
1505 2524 1608 2566 δῆλον
1627 2535 1698 2559 om.

191 2580 227 2614 S.
249 2585 330 2614 ante
350 2580 427 2623 ὑμῖν
445 2584 583 2624 ponunt
605 2578 707 2612 F.t.v.
845 2573 863 2601 ‘l
883 2576 1012 2622 ἔροιτο]
1036 2577 1146 2621 ἐροῖτο
1168 2576 1202 2609 S.
1345 2582 1360 2601 θ
1381 2576 1642 2623 ἐλλελοιπότες]
1667 2577 1700 2611 οἱ

188 2633 405 2678 λελοιπότες]
430 2638 455 2666 t.
566 2629 581 2656 f
598 2631 766 2677 εἰσφορὰν
788 2630 823 2664 S.
864 2629 1064 2675 chebatur
1082 2629 1142 2663 τὰς
1161 2629 1339 2673 εἰσφοράς.
1457 2634 1474 2658 8
1492 2631 1619 2674 τόλμης
1637 2629 1696 2674 δὴ-

190 2700 255 2719 που
277 2687 313 2720 S.
347 2686 544 2731 Legebatur
563 2684 670 2728 δήπου
689 2686 828 2726 τόλμης.
941 2681 958 2707 ¹¹
977 2682 1129 2728 μᾶλλον]
1153 2681 1292 2726 μάλιστ’
1310 2695 1339 2718 r.
1451 2679 1461 2706 i
1491 2682 1698 2729 ὑφαιρουμέ-

191 2739 283 2784 νους]
307 2740 575 2785 ἀφαιρουμένους
596 2737 639 2771 O.
749 2735 758 2771 j
779 2736 889 2782 ἕνεκα]
913 2736 1021 2770 ἕνεκεν
1040 2736 1120 2769 A.k.
1220 2733 1239 2760 k
1258 2734 1449 2782 πολιτεύει]
1475 2737 1698 2771 scribebatur

189 2791 364 2835 πολιτεύῃ.
475 2788 483 2815 l
506 2789 806 2836 ὑποχωρήσαντες]
830 2789 1116 2835 ἀποχωρήσαντες
1137 2788 1400 2823 Ρ.8,Υ.Ο.8.ῒ.ν.
1491 2795 1520 2814 ¹¹1
1539 2789 1695 2836 πώποτε]

189 2844 318 2879 τούτων
337 2845 471 2879 addunt
489 2845 571 2878 A.k.
593 2844 651 2889 qui
672 2843 764 2876 idem
784 2843 952 2876 omittunt
975 2856 1006 2887 p.
1031 2850 1117 2888 754.
1229 2849 1247 2867 ¹¹
1270 2842 1352 2887 ὑπὲρ
1373 2839 1618 2888 οἷν-πάσχοι]
1641 2842 1698 2887 ἐφ’

190 2896 438 2942 οἷς-ἠδικεῖτο
458 2898 539 2931 A.k.
562 2902 596 2932 et
615 2912 670 2942 γρ.
694 2908 719 2930 r.
789 2901 806 2919 ⁰
826 2897 957 2941 πάσχοι
979 2896 1172 2929 Bckkems.
1201 2896 1401 2941 Legebatur
1419 2897 1558 2940 πάσχει.
1616 2902 1635 2929 P
1655 2894 1702 2930 ὢν

190 2951 464 2986 1⁴¹.S.Y.O.s.t.v.
496 2950 694 2995 Legebatur
714 2949 816 2991 ἡμῶν.
848 2945 894 2982 ῶν
914 2961 964 2994 pr.
985 2949 1020 2982 S.
1095 2956 1114 2982 (Ι
1134 2963 1174 2982 σε
1195 2949 1364 2994 πολλοὺς]
1388 2950 1541 2984 πολλούς
1560 2963 1600 2983 σε
1618 2950 1698 2984 A.k.

189 3009 203 3027 ¹⁸
221 3003 411 3050 βούλεσθε]
434 3003 607 3044 βούλεσθε
627 3004 692 3048 γὰρ
714 3003 752 3036 F.
