1954 3273
62 185 220 234 —602,
237 200 267 229 7.
657 189 798 226 ΚΑΤΑ
831 186 1242 225 ΑΝΔΡΟΤΙΩΝΟΣ.
1622 181 1701 222 681

440 298 459 316 X

186 298 402 362 ωὸμοιως
435 323 464 364 η
496 299 706 353 ῐιδεινους
740 297 768 363 ὴ
803 302 994 365 θρασεῖς
1029 297 1058 362 ὴ
1093 298 1306 363 μετρίους
1338 297 1420 347 οὐκ
1447 293 1505 345 ἂν
1530 295 1614 360 εἰη.
1670 301 1707 346 εἰ

184 381 270 445 μὲν
303 383 426 445 οοῦν,
458 385 520 436 ὡς
554 388 650 436 τοῖς
687 383 887 448 μετρίοις
923 381 1054 445 δίκην
1091 380 1331 449 ἐξαρκέσει
1370 384 1550 442 λαβεῖν,
1587 381 1706 430 οὕτω

185 466 293 520 τοὺς
321 466 489 531 νόμους
517 466 668 531 θήσει,
694 471 794 530 μετ’
823 466 976 519 ἀδείας
1010 465 1207 516 ε”σεσθαι
1239 462 1452 518 πολλοὺς
1476 461 1708 530 πονηροὺς

184 551 357 616 ἠγεῖτο,
397 555 434 602 εὶ
474 555 514 602 δ’
553 554 615 605 ὡς
652 555 748 604 τοῖς
787 550 991 617 θρασέσι
1030 551 1104 600 καὶ
1145 551 1355 603 δυνατοῖς
1394 547 1560 614 λέγειν,
1600 546 1708 601 τοὺς

186 635 369 690 ἰδιώτας
396 636 448 686 οὐ
475 634 768 700 δυνήσεσθαι
794 633 876 686 τὸν
904 633 1045 684 αὑτὸν
1070 633 1281 687 Ρτούτοις
1306 631 1482 699 τρόπον
1508 630 1701 694 λαμβά-
1724 651 1758 682 15

117 739 278 781 34νειν
305 720 451 784 δίκην.
503 721 596 770 δεῖν
623 721 691 768 ‘¹3’
721 716 836 788 ᾤετο
869 718 1044 782 μηδένα
1070 719 1438 783 ἀποστερεῖσθαι
1470 721 1552 766 τοῦ
1580 717 1708 779 δίκης

186 808 352 870 τυχεῖν,
387 806 448 856 ὡς
487 803 684 856 ἕκαστος
720 801 926 853 δύναται.
982 805 1083 855 πῶς
1120 802 1201 852 οὖν
1241 800 1375 852 ἔσται
1412 805 1581 860 τοῦτο;
1630 798 1709 850 ἐὰν

183 886 373 941 πολλὰς
413 887 548 940 ὁδοὺς
586 889 680 955 Γδῷ
721 886 796 937 διὰ
834 891 929 937 τῶν
968 884 1124 950 νόμων
1162 888 1236 937 ἐπὶ
1274 887 1380 940 τοὺς
1418 884 1707 949 ἠδικηκότας,

185 969 281 1021 οἷον
308 974 389 1035 τῆς
421 973 617 1035 κλοπῆς.
675 970 880 1037 ἔρρωσαι
916 972 992 1021 καὶ
1028 973 1192 1039 σαυτῷ
1226 969 1491 1029 πιστεύειςς
1533 969 1705 1034 ἄπαγε·

185 1056 233 1105 ἐν
263 1056 437 1122 χιλίαις
469 1058 509 1106 δ’
540 1055 564 1104 ὁ
598 1055 821 1108 κίνδυνος.
877 1054 1218 1120 ἀσθενέστερος
1253 1052 1305 1104 εἶ·
1347 1058 1442 1107 τοῖς
1477 1053 1707 1121 ἄρχουσιν
1722 1076 1761 1097 20

184 1139 382 1206 ἐφηγοῦ·
419 1145 558 1190 τοῦτο
583 1138 869 1203 ποιήσουσιν
894 1140 1068 1189 ἐκεῖνοι.
1117 1144 1286 1207 Ξφοβεῖ
1305 1141 1380 1189 καὶ
1407 1144 1560 1189 τοῦτο·
1593 1138 1708 1204 γρά-

117 1243 171 1285 35
188 1226 294 1289 φου.
350 1222 671 1291 1Σκαταμέμφει
714 1221 915 1273 σεαυτὸν
959 1225 1036 1273 καὶ
1079 1222 1221 1287 πένης
1259 1221 1322 1273 ὢν
1361 1224 1443 1273 οὐκ
1488 1221 1545 1273 ἂν
1586 1222 1707 1290 ἔχοις

184 1307 343 1374 χιλίας
380 1308 576 1358 ἐκτῖσαι·
629 1306 813 1373 δικάζου
859 1310 1041 1371 κλοπῆς
1081 1306 1200 1373 πρὸς
1239 1306 1491 1371 διαιτητὴν,
1532 1309 1607 1357 καὶ
1654 1308 1707 1357 οὐ

184 1390 545 1445 “κινδυνευ’σεις.
614 1391 793 1442 τούτων
841 1391 972 1442 οὐδέν
1017 1394 1120 1442 ἐστι
1170 1391 1224 1442 τὸ
1270 1391 1399 1442 αὐτό.
1461 1394 1542 1455 τῆς
1586 1394 1701 1442 ἀσε-
1720 1412 1758 1442 25

184 1476 315 1536 βείας
367 1474 487 1526 κατὰ
536 1475 722 1526 1Κταύτοὶ
778 1475 909 1527 ε”στιν
967 1475 1180 1542 ἀπάγειν,
1231 1474 1519 1545 γράφεσθαι,
1571 1475 1701 1526 δικά-

187 1559 350 1625 ζεσθαι
398 1559 517 1626 πρὸς
569 1560 889 1624 Εὐμολπίδας,
937 1560 1129 1628 φράζειν
1178 1560 1297 1626 πρὸς
1347 1559 1429 1611 τὸν
1478 1560 1699 1621 βασιλέα.

117 1654 173 1708 36
186 1645 290 1710 περὶ
328 1648 423 1695 τῶν
462 1644 629 1695 ἄλλων
665 1644 886 1695 ἁπάντων
921 1643 1003 1695 τὸν
1039 1642 1181 1694 αὐτὸν
1215 1643 1392 1710 τρόπον
1426 1643 1614 1711 σχεδόν.
1670 1648 1707 1695 εἰ

186 1735 203 1763 5
220 1725 277 1791 δή
322 1750 392 1780 τις
435 1730 497 1781 ὡς
546 1726 631 1791 μὲν
676 1729 778 1795 οὐχὶ
823 1727 1082 1794 κακοῦργός
1126 1730 1229 1779 ἐστι
1272 1727 1336 1792 μὴ
1381 1728 1527 1793 λέγοι,
1572 1726 1601 1792 ἢ
1646 1730 1707 1781 ὡς
1721 1741 1803 1781 602

188 1811 270 1861 οὐκ
304 1810 501 1875 ἀσεβὴς,
527 1809 556 1875 ὴ
584 1811 609 1862 ὅ
641 1835 686 1862 τι
712 1810 874 1875 δήποτ’
903 1811 970 1876 ε’ίη
1007 1813 1060 1862 δι’
1090 1810 1115 1862 ὃ
1147 1813 1362 1878 κρίνοιτο,
1391 1811 1466 1862 διὰ
1491 1818 1639 1862 ταῦτα
1665 1815 1706 1863 δ’

185 1895 459 1962 Ζέκφεύγειν
484 1893 722 1963 adgaolmb
731 1899 768 1945 εἰ
801 1894 886 1959 μὲν
918 1895 1186 1961 ἀπηγμένος
1220 1895 1302 1960 ε’ίη,
1330 1895 1447 1946 διότι
1480 1894 1598 1961 πρὸς
1633 1898 1702 1945 δι-

187 1976 380 2041 αιτητὴν
405 1976 516 2045 ἐξῆν
534 1978 660 2046 αὐτῷ
687 1982 851 2044 λαχεῖν
872 2001 948 2029 και
974 1977 1289 2047 γραφεσθαιο
1297 1982 1429 2046 χρῆν,
1450 2002 1488 2030 ει
1514 1977 1563 2029 δὲ
1588 2002 1705 2045 προς

186 2058 425 2128 ἀδιαιτητῃ
464 2060 666 2130 Εφεύγοι,
708 2061 779 2112 ὅτι
823 2065 943 2163 χρῆν
981 2085 1039 2113 σε
1083 2061 1294 2128 ἀπάγειν,
1332 2063 1390 2114 ιν’
1430 2062 1734 2118 ἐκινδυνευες5

184 2146 290 2211 περὶ
323 2145 504 2212 χιλίων,
531 2144 685 2209 γέλως
719 2143 777 2195 ἂν
811 2146 878 2209 ε’ίη
913 2144 1157 2210 δήπουθεν.
1210 2148 1264 2197 οὐ
1296 2146 1390 2213 γὰρ
1416 2145 1498 2197 τόν
1529 2169 1584 2212 γε
1617 2170 1706 2211 μη-

859 2226 874 2254 f

186 2227 265 2280 δὲν
296 2227 583 2292 πεποιηκότα
618 2231 689 2278 δεῖ
720 2230 827 2295 περὶ
877 2234 961 2279 τοῦ
999 2227 1176 2295 τρόπον
1211 2251 1369 2279 οντινα
1403 2228 1494 2296 χρὴ
1530 2228 1706 2280 διδόναι

241 2408 272 2426 m
293 2401 415 2446 ὁμοίως
436 2402 629 2438 S.Y.O.r.s.
664 2403 864 2449 Legebatur
884 2404 1032 2447 ὁμοίους.
1128 2409 1147 2428 1¹
1167 2403 1314 2450 δεινοὺς]
1341 2403 1473 2438 δειλοὺς
1491 2415 1519 2437 r.
1610 2409 1628 2427 0
1647 2402 1706 2437 οὖν

187 2468 258 2490 om.
279 2457 322 2489 A.
433 2461 452 2488 Ρ
472 2455 605 2491 τούτοις
624 2457 767 2502 τρόπον]
793 2457 921 2502 τρόπον
939 2455 1072 2492 τούτοις
1091 2458 1173 2491 A.k.
1206 2460 1329 2491 τοῦτον
1348 2458 1476 2503 τρόπον
1495 2469 1525 2492 r.
1638 2464 1656 2492 q
1678 2455 1706 2490 δ’

189 2521 260 2544 om.
277 2509 348 2542 A.r.
419 2514 435 2533 Γ
455 2508 518 2555 δῷ]
543 2509 624 2555 διδῷ
645 2510 754 2544 A.k.r.
832 2515 846 2534 S
866 2509 988 2556 φοβεῖ]
1015 2511 1239 2545 Scribebatur
1258 2512 1366 2555 φοβῇ.
1441 2509 1454 2535 t
1475 2509 1702 2555 καταμέμφει]

190 2562 414 2596 scribebatur
434 2564 647 2607 καταμέμφῃ.
679 2565 900 2607 καταμέμφου
920 2569 946 2596 t.
1083 2569 1104 2588 ¹1
1123 2563 1365 2610 κινδυνεύσεις]
1391 2564 1594 2597 Addebatur
1613 2563 1707 2597 οὐδέ-

188 2629 287 2660 τερον
301 2613 421 2655 βούλει
439 2614 593 2655 roffi-mm
618 2617 768 2661 γράφου.
797 2618 964 2651 κατοκνεῖς
980 2617 1032 2650 καὶ
1050 2620 1151 2651 τοῦτο
1166 2631 1173 2658 ;
1199 2618 1342 2663 ἐφηγοῦ.
1371 2617 1510 2651 Delevit
1525 2617 1706 2662 Taylorus.

191 2699 208 2715 Χ
228 2693 351 2739 ταύτὰ]
375 2697 482 2728 ταῦτα
502 2694 540 2727 F.
638 2700 657 2728 Y
677 2693 734 2740 δὴ]
759 2679 798 2738 δνε]
822 2695 860 2728 F.
959 2700 977 2720 Ζ
998 2694 1193 2741 ἐκφεύγειν]
1218 2696 1379 2741 ἐκφυγεῖν
1396 2696 1440 2730 Α.
1540 2701 1559 2721 θ’
1576 2695 1704 2741 ἀξιοίη]

190 2746 280 2790 ἀξιοῖ
301 2746 346 2781 Ο.
475 2743 496 2771 b
516 2747 563 2793 εἷ]
590 2748 642 2780 καὶ
661 2748 689 2780 εἷ
710 2747 941 2782 F.Y.O.s.t.v.
1065 2754 1082 2774 0
1100 2742 1203 2794 χρῆν]
1227 2750 1331 2795 ἐχρῆν
1351 2748 1551 2783 S.Y.O.k.s.
1580 2749 1645 2793 χρὴ
1667 2760 1710 2782 ex

194 2800 235 2833 B.
256 2806 350 2834 recte
371 2800 551 2834 annotavit
571 2800 746 2842 Reiskius,
768 2813 872 2846 quem
892 2801 1018 2835 erroris
1041 2808 1244 2848 suspectum
1270 2802 1446 2837 immerito
1465 2802 1571 2835 habet
1593 2802 1709 2835 Schae-

192 2852 299 2887 ferus.
355 2853 454 2887 Idem
484 2858 537 2886 est
569 2854 605 2886 in
637 2854 675 2888 F.
731 2854 800 2888 Sed
829 2855 865 2887 in
896 2855 1057 2900 ploximo
1087 2857 1173 2900 χρῆν
1205 2856 1283 2889 libri
1318 2867 1440 2890 omnes
1473 2855 1709 2888 consentiunt.

194 2901 214 2930 d
233 2906 400 2952 διαιτητῇ]
427 2906 597 2950 διαιτητὴν
617 2908 658 2941 A.
663 2907 698 2941 k.
704 2913 730 2941 t.
858 2913 874 2932 e
894 2906 1036 2953 φεύγοι]
1061 2907 1202 2979 φεύγειν
1220 2921 1254 2943 V.
1378 2905 1394 2932 f
1409 2910 1469 2942 τοῦ
1489 2909 1616 2953 τρόπον
1635 2919 1710 2942 cor-

194 2978 310 3007 rectus
329 2985 362 3007 V.
392 2969 451 3007 τὸν
470 2970 598 3021 τρόπον
619 2976 657 3010 F.
687 2977 746 3009 τὸν
765 2977 890 3021 τρόπον
909 2977 1028 3021 vulgo.

254 3048 346 3073 VOI.
366 3048 415 3074 Il·
963 3052 990 3077 X
